2190 3174
2 119 11 189 i

201 205 516 252 STUPRUM,ADUITER1UM,
534 205 672 241 TRIBUTUM
760 188 789 238 81

3 295 6 404 i
95 331 372 408 compensandam,
405 331 500 390 sed?
486 351 524 390 un
550 330 684 390 solidum
717 347 786 388 cum

3 423 5 440 ¹
94 411 162 488 ipsa
177 411 302 470 muliere
317 412 356 470 ad
371 414 490 488 prolem
506 412 649 470 alendam
672 421 701 469 et
716 409 786 468 edu·

2 513 7 563 y
95 492 243 564 candam;

3 569 7 646 J
136 571 294 646 Stupratur
308 589 390 644 vero,
408 571 511 647 quivi,
529 571 605 630 dolo
622 581 672 629 aut
696 567 787 628 minis
824 584 938 634 stuprum.

3 657 5 720 ῗ
95 653 229 727 puellam
245 651 379 725 violavit,
396 661 514 710 tenetur
532 663 595 710 turn
611 652 650 709 ad
672 650 788 710 satisfa-
813 711 817 720 ,

3 739 4 800 ζ
95 731 242 790 ciendum
266 749 322 807 pro
348 729 458 807 injuria
478 731 726 808 irrogata—tum
748 730 787 788 ad

3 847 4 856 ÷
95 813 265 888 reparanda
277 811 383 870 omnia
401 812 513 870 damna
535 811 578 870 iili
595 813 643 869 vel
657 809 788 888 parenti·

3 901 4 964 j
96 892 154 950 bus
182 891 256 949 inde
284 890 493 964 obvenientia,
510 904 626 950 -tum
656 891 695 950 ad
720 909 788 950 eam

95 972 282 1044 ducendam,
305 971 426 1062 quoties
448 975 511 1062 ejus
534 990 720 1041 consensum
737 989 788 1028 ex·

94 1052 185 1110 torsit
224 1071 278 1126 per
321 1051 509 1110 matrimonii
547 1051 788 1128 promissionem

95 1151 208 1204 veram,
226 1133 272 1189 vel
288 1131 378 1190 etiarn
395 1133 505 1204 fictam,
523 1134 580 1190 salt
570 1130 786 1207 temprobabi·

3 1219 4 1288 j
96 1212 162 1282 lius,
190 1211 248 1270 nisi
274 1229 313 1270 ex
340 1211 490 1290 adjunctrs
506 1214 607 1288 puella
630 1211 787 1269 fictionem

3 1295 5 1324 ³
98 1291 246 1368 suspicari
261 1291 402 1368 potuerit,
419 1303 470 1350 aut
489 1294 586 1350 malus
602 1291 701 1350 exitus
726 1310 788 1348 rna·

94 1371 234 1430 tri'rnouii
256 1373 321 1447 jure
347 1371 495 1443 timeatur,
519 1371 664 1431 odiumne
679 1389 788 1446 paren-

3 1467 4 1530 j
26 1470 31 1481 ·
95 1462 159 1510 tum
180 1471 270 1528 grave
285 1462 315 1510 et
331 1451 516 1510 diuturnum.

3 1641 4 1644 ,
137 1613 192 1650 222.
225 1593 349 1652 Adulter
383 1609 422 1650 ex
453 1591 569 1668 justitia
604 1601 723 1649 tenetur
749 1591 788 1648 ad
822 1602 944 1664 nudulu-

3 1669 4 1742 J
96 1672 378 1748 compensandum,
416 1689 481 1730 non
514 1671 611 1746 ipsam
648 1671 789 1747 injuriam
850 1669 915 1697 ‘¹⁰⁸³’

3 1771 4 1782 ¹
30 1762 32 1766 '
96 1752 198 1811 inscio
224 1751 334 1810 marito
350 1751 469 1810 ratione
492 1751 632 1810 adulterii
661 1752 787 1824 illatam,

99 1833 154 1890 sed
170 1833 284 1890 damna
300 1843 417 1903 caetera,
434 1831 543 1890 sivein
560 1833 647 1904 fama,
672 1832 735 1890 sive
757 1831 788 1889 in

96 1911 189 1972 bonis
221 1913 351 1970 fortunae
390 1911 462 1970 inde
497 1911 620 1971 familiae
652 1911 788 1970 mulieris

96 2003 183 2050 certo
199 1991 416 2050 obvenientia:

138 2073 188 2130 Ad
222 2071 307 2146 quod
341 2083 460 2130 tenetur
483 2071 548 2146 ipse
584 2073 668 2130 solus
701 2071 725 2129 si
750 2070 787 2143 vi,

100 2152 205 2210 fraude
221 2162 271 2209 aut
286 2163 368 2210 metu
383 2151 465 2229 gravi
481 2170 668 2210 eonsensum
685 2151 789 2209 mulie·

98 2231 138 2290 ris
154 2231 405 2304 extorsit-cum
429 2231 496 2307 ipsa
517 2250 590 2290 vero
612 2231 737 2289 muliere
760 2241 790 2288 et

98 2311 129 2370 in
155 2309 290 2371 solidum
311 2311 335 2370 si
356 2331 394 2370 ex
411 2324 536 2387 utraque
561 2322 645 2388 parte
671 2311 789 2369 facinus

98 2390 154 2450 fuit
176 2391 308 2451 omnino
332 2391 469 2450 liberum.

139 2562 197 2617 223.
222 2541 338 2600 Subditi
357 2561 396 2600 ex
421 2542 511 2620 legali
534 2541 650 2618 justitia
670 2543 790 2601 solvere
805 2549 962 2615 3⁰1nbonis

123 2623 214 2681 ebent
239 2622 350 2682 tributa
376 2623 457 2698 justa
485 2621 548 2680 sive
582 2622 699 2680 directa
727 2622 789 2680 sive
808 2624 955 2689 peculiari—

115 2703 263 2776 rdirecta3
857 2695 914 2744 bus.

140 2777 316 2842 Generatim
341 2794 443 2842 tamen
468 2801 533 2841 non
556 2782 733 2858 obligantur
751 2783 790 2840 ad
819 2780 952 2822 aunuum

671 2898 683 2936 a
