2172 3174
121 355 144 410 5.
157 347 279 410 Interpre-

165 417 239 466 tatio.

135 1367 159 1416 6.
175 1367 269 1415 Modus

114 1487 116 1493 ,
147 1437 256 1486 satisfa-

156 1509 249 1557 ciendi.

125 2646 284 2696 IldCessatio.

125 2731 162 2782 1⁰.
175 2735 285 2798 Obliga-

161 2807 248 2855 tionis.

294 206 329 242 20
482 210 800 245 ruoteootttttA.-ttues.

335 354 381 412 50.
408 337 508 393 Verba
524 336 598 413 legis
614 336 796 411 accipienda
812 348 881 394 sunt
903 337 990 411 juxta

296 416 419 474 obviam
446 416 705 492 significationem
732 429 822 492 atque
844 419 930 491 juxta
947 436 988 474 re·
1030 467 1032 474 ,

296 508 417 572 ceptam
443 496 709 569 consuetudinem,
728 517 795 572 quae
811 508 857 555 est
873 497 991 573 optima

296 577 370 652 legis
386 577 535 652 interpres
552 593 558 634 ἰ
823 639 826 644 ,

335 660 369 714 ln
391 657 488 715 dubio
508 669 610 715 autem
635 657 858 715 attendendum
879 667 925 714 est
949 657 988 714 ad

296 737 478 813 legislatoris
494 753 637 807 mentem,
650 738 689 796 ad
703 739 794 795 finem
808 736 892 814 legis,
906 748 935 794 et
947 737 987 794 ad

295 817 444 892 speciales
467 816 725 886 circumstantias,
739 852 777 860 —-
789 836 863 893 quas
896 816 989 874 inter·

295 899 368 954 dum
393 898 558 972 prudenter
582 897 772 956 existimabis
801 917 840 956 ex
868 897 988 973 epilreia
1080 895 1082 960 ξ

295 977 502 1052 legislatorem
518 997 582 1036 non
597 978 889 1054 comprehendisse:
1081 1037 1082 1060 i

336 1057 513 1116 Generatim
541 1076 635 1134 porro
662 1060 713 1116 lex
739 1057 851 1116 odiosa
885 1056 989 1116 stricte
1081 1061 1082 1132 3

296 1147 341 1194 est
360 1136 691 1213 interpretanda-lex
712 1155 784 1196 vero
811 1136 987 1196 favorabilis
1080 1163 1082 1212 j

295 1219 428 1293 amplam
444 1218 502 1276 sibi
517 1219 621 1294 poscit
638 1217 931 1294 interpretationem.
1078 1233 1082 1240 ·

335 1388 373 1446 51.
400 1370 448 1426 Ad
470 1368 922 1446 satisfaciendum,obligationi
948 1371 989 1428 le·
1080 1329 1082 1336 i

295 1450 341 1531 gis
366 1461 468 1508 actum
494 1451 662 1508 humanum
683 1450 869 1526 imperantis
890 1449 989 1526 requi·
1081 1453 1082 1510 J

295 1531 370 1590 ritur
383 1529 524 1600 intentio,
547 1549 611 1589 non
628 1550 700 1588 sane
726 1531 874 1606 implendi
890 1533 989 1608 legem

296 1622 347 1670 aut
362 1611 454 1668 finem
470 1609 553 1686 legis,
570 1610 625 1668 sed
640 1612 779 1686 ponendi
791 1622 909 1670 tantum
925 1631 989 1669 rem

295 1701 482 1768 praeceptam
494 1689 574 1748 sicut
585 1702 738 1766 praecepta
753 1703 807 1766 est,
823 1691 896 1750 licet
908 1691 989 1752 forte
1080 1727 1081 1730 =

296 1771 395 1829 modo
411 1770 635 1845 peccaminoso
652 1782 795 1846 ponatur;

330 1853 398 1909 lmo
414 1850 439 1908 si
455 1863 540 1908 actus
565 1853 716 1909 humanus
737 1870 801 1910 non
826 1852 990 1927 imperetur

297 1931 412 1989 directe
429 1933 475 1988 vel
491 1931 648 2002 indirecte,
672 1931 789 2007 impleri
807 1934 856 1990 lex
876 1930 990 2007 poterit

297 2011 388 2069 etiam
411 2024 586 2086 peractum
613 2030 677 2070 non
704 2013 832 2070 liberum
858 2024 908 2070 aut
936 2030 990 2087 per
1080 2065 1081 2068 ,

298 2109 411 2150 meram
424 2091 627 2150 omissionem
641 2103 720 2149 t-at
742 2095 884 2151 voluntas
897 2111 989 2167 prava

298 2171 353 2230 erit
370 2170 394 2228 si
407 2171 539 2246 positive
556 2173 614 2247 legi
627 2173 815 2243 adversetur;

338 2253 468 2310 Demum
498 2251 618 2309 diversa
646 2264 799 2328 praecepta
825 2253 871 2309 vel
895 2250 989 2310 unico

299 2343 379 2403 actu,
401 2333 448 2388 vel
470 2331 598 2390 diversis
623 2333 741 2390 actibus
767 2333 857 2390 simul
880 2331 990 2407 positis

298 2411 458 2488 adimpleri
486 2424 609 2486 queunt,
646 2413 766 2487 quoties
800 2410 991 2488 praesumitur

299 2493 389 2550 aliam
405 2510 469 2550 non
486 2511 553 2550 esse
569 2503 703 2550 mentem
720 2491 914 2569 legislatoris.

339 2653 379 2711 5²·
403 2607 600 2711 Cessatiegis
616 2634 767 2711 obligatio
783 2635 846 2693 sive
860 2653 969 2693 concur

299 2725 344 2773 rat
359 2735 428 2774 cum
444 2714 637 2792 obligatione
653 2715 776 2774 alterins
791 2715 867 2791 legis
890 2733 969 2790 super

299 2795 373 2854 ioris
404 2806 495 2870 atque
526 2795 804 2870 incompossibilis3
822 2829 858 2838 -
874 2795 937 2852 siue
963 2815 969 2851 t
