2172 3174
215 208 261 243 Rus
281 207 372 242 ALOENA
393 209 512 254 ostem,
533 175 721 244 mirmilonum
786 204 815 258 75

119 333 328 409 aequivalenti,
345 333 370 392 si
386 353 450 394 non
477 334 588 393 existat
603 346 632 393 et
652 353 715 393 non
739 333 814 409 peri·

120 423 188 488 turn
204 413 309 472 fuisset
324 416 404 490 apud
425 414 586 474 dominum
602 415 714 472 eodem
730 413 814 483 vitiu,

121 495 237 553 eodem
253 493 401 570 periente,
418 496 568 554 eodemve
592 505 743 570 ternpore;

162 594 186 632 2.
208 574 256 632 Illi
278 575 406 635 reddere
428 594 521 634 omne
543 575 574 633 id
590 575 621 633 in
638 593 699 650 quo
721 573 816 633 ditior

121 655 221 712 factus
243 666 289 712 est
310 655 429 714 ratione
455 657 605 714 fructuum
632 655 814 713 naturalium

119 745 151 792 et
167 733 317 808 civilium;

161 817 200 872 Et
220 834 246 888 3.
263 833 465 890 compensare
491 815 605 874 damna
625 815 731 874 omnia
746 833 814 890 quae

119 903 246 969 propter
274 893 417 970 injustam
452 895 494 953 rei
512 895 739 971 ¹acceptionem
767 895 814 956 vel

115 973 520 1049 possessionem-dominus
542 995 683 1051 passurus
709 986 763 1046 est,
785 985 814 1033 et

118 1054 185 1129 ipse
201 1056 309 1112 saltem
325 1054 356 1112 in
373 1057 507 1114 confuso
523 1055 672 1132 praevidit.

161 1178 223 1234 207.
249 1160 309 1234 Qui
319 1163 511 1236 probabiliter
522 1161 639 1236 judicat
662 1181 725 1219 rem
741 1181 759 1218 a
781 1179 813 1219 se

118 1259 296 1316 possessam
322 1260 388 1299 esse
411 1261 506 1316 suam,
534 1261 601 1300 eam
621 1241 679 1300 sibi
695 1259 813 1298 servare

117 1332 237 1396 potest;
315 1363 318 1369 -

161 1400 222 1474 Qui
246 1419 318 1460 vero
340 1403 399 1460 leue
414 1412 531 1460 tantum
546 1401 696 1461 motivum
721 1401 813 1460 habet

116 1480 317 1538 existimandi
334 1501 397 1538 rem
421 1501 506 1540 suam
529 1501 604 1552 esse,
622 1481 730 1557 nequit
745 1500 812 1539 eam

118 1560 257 1632 retinere,
274 1560 341 1634 nisi,
368 1561 570 1637 inquisitione
596 1564 684 1633 facta,
700 1562 812 1638 proba-

118 1640 221 1698 biliter
243 1643 351 1702 saltem
371 1642 489 1718 judicet
504 1661 536 1700 se
553 1642 720 1720 legitimum
745 1661 812 1700 esse

118 1721 160 1778 rei
176 1720 352 1780 dominum.

147 1831 223 1886 ros.
260 1827 454 1903 Quicumque
483 1829 630 1887 damnum
666 1829 811 1905 proximo
827 1841 986 1904 noaipnifiea-

115 1907 229 1975 intulit,
246 1907 309 1966 sive
324 1910 475 1984 ponendo
496 1929 566 1967 cum
581 1911 673 1985 p'lena
684 1921 686 1925 '
698 1909 811 1968 delibe-
886 1903 924 1936 ²¹⁰·

117 1987 237 2045 ratione
274 1987 431 2047 actionem
470 2008 551 2060 vere,
591 1990 757 2047 efficaciter
782 2002 812 2048 et

115 2067 230 2144 injuste
246 2068 506 2142 damnificantem,
534 2069 597 2127 sive
620 2088 683 2128 non
701 2089 811 2146 procu·

117 2148 225 2219 rand0,
243 2167 314 2206 eum
329 2149 394 2206 sine
410 2149 492 2225 gravi
508 2149 714 2208 incommodo
740 2169 809 2225 pos-

116 2239 171 2300 set,
187 2247 226 2286 ne
242 2227 417 2287 exactione
434 2248 488 2286 sua
500 2229 591 2288 etiam
607 2229 810 2288 indeliberata

115 2309 265 2366 damnum
306 2308 382 2366 illud
417 2321 609 2385 sequeretur,
653 2309 810 2368 restituere

115 2397 236 2446 tenetur
257 2398 356 2446 totum
382 2389 569 2465 aequivalens
594 2400 657 2448 tum
687 2389 729 2447 rei
758 2390 809 2446 dn·

117 2468 292 2540 muifieatae,
309 2480 372 2526 tum
397 2469 518 2527 damnis
535 2471 651 2528 caeteris
671 2469 807 2544 praevisis

140 2567 184 2606 uae
200 2567 240 2606 ex
254 2548 296 2606 rei
312 2549 564 2608 damnificatione
586 2560 808 2625 provenerunt;

157 2629 207 2686 Ob
244 2631 365 2704 culpam
399 2640 499 2687 autem
533 2648 614 2687 mere
645 2629 809 2706 juridicam

128 2707 208 2766 ttia'm
222 2708 408 2767 levissimam
421 2709 516 2767 teneri
529 2720 632 2786 potest
644 2711 682 2768 ad
696 2710 809 2769 damna

128 2789 351 2864 :ompensanda
375 2808 413 2847 ex
436 2789 589 2848 sententia
601 2789 723 2866 judicis.
