2172 3174
117 1571 151 1618 Il.
162 1571 253 1618 Proba·

155 1643 217 1690 bilis.

281 185 309 222 12
366 219 369 224 ,
425 163 828 222 ΡκοίεθοΜεκΑ.-οοπεειεκω,

323 313 506 388 Scrupulosa,
523 313 546 371 si
562 332 600 371 ex
615 313 710 371 inani'
723 314 843 373 motivo
859 313 976 387 aliquid

280 392 420 450 illicitum
437 412 503 450 esse
520 404 649 463 metuat;
706 445 714 466 ,

320 475 451 530 Demum
478 474 556 540 laxa,
587 473 611 530 si
640 473 723 531 tenui
750 475 825 531 freta
855 473 974 532 motivo

281 554 419 612 confidat
434 552 550 628 aliquid
566 573 632 612 esse
649 553 775 611 licitum.

320 665 364 717 28.
387 660 460 717 Sola
479 657 673 717 conscientia
699 659 856 716 moraliter
882 647 991 728 certa,¹

280 740 387 797 saltem
403 738 589 814 imperfecte,
616 750 759 797 estrecta
785 741 888 815 regula
909 755 975 796 mo·
1053 737 1055 744 '

280 835 367 876 rum:
384 838 419 876 ea
441 819 522 877 enim
545 831 653 891 stante,
680 838 773 896 agens
800 819 882 877 aliud
908 836 973 877 non

280 899 412 956 intendit
434 919 523 974 quarn
549 919 581 957 se
596 900 708 957 divinae
732 899 883 957 voluntati
900 917 973 956 con·

281 981 426 1050 formare;
450 1000 485 1036 ea
518 999 589 1038 vero
613 981 749 1049 absente,
774 979 922 1054 implicite
945 991 975 1035 et

280 1058 445 1116 virtualiter
462 1062 559 1117 Deum
576 1060 756 1130 contemnit,
779 1079 848 1117 curn
872 1058 974 1116 sciens

281 1141 388 1197 volens
414 1159 445 1196 se
479 1152 615 1216 exponat
651 1141 789 1216 periculo
823 1151 971 1215 transgre-

280 1219 384 1277 diendi
409 1217 490 1277 illius
504 1222 621 1296 legem:

322 1302 399 1360 Cum
415 1300 609 1358 conscientia
624 1299 715 1376 igitur
729 1299 863 1375 practice
878 1298 972 1356 dubia

280 1399 435 1454 nunquam
463 1380 581 1454 operari
604 1380 684 1451 licet,
711 1380 765 1437 sed
788 1399 856 1455 pars
880 1380 975 1436 tutior

280 1460 438 1535 sequenda
453 1472 508 1518 est.

319 1577 362 1630 29.
387 1556 518 1629 Quoties'
550 1568 673 1615 constat
708 1558 746 1614 de
780 1555 972 1632 obligatione
1037 1559 1041 1568 '

279 1638 421 1695 absoluta
434 1636 501 1694 finis
513 1637 705 1694 determinati
714 1637 973 1706 obtinendi,tene·

280 1737 346 1774 mur
361 1719 492 1776 omnino
506 1737 544 1774 ex
560 1719 626 1792 lege
642 1731 724 1774 certa
740 1731 769 1774 et
790 1736 854 1775 uon
872 1719 972 1775 solum

278 1797 431 1873 probabili
445 1797 590 1854 adhibere
604 1797 737 1855 medium
751 1797 852 1864 tutius
862 1797 972 1854 relicto

279 1877 384 1934 medio
409 1878 609 1952 probabiliter
633 1877 739 1952 inepto
763 1879 801 1935 ad
829 1877 970 1934 eumdem

280 1959 370 2014 finem
405 1958 644 2032 assequendum;
684 1958 835 2014 interdum
871 1968 972 2016 tamen
1050 2015 1052 2019 ,

279 2038 413 2095 medium
441 2057 478 2095 ex
499 2057 531 2096 se
547 2037 747 2113 probabiliter
771 2038 907 2112 ineptum
932 2038 970 2095 ad

280 2119 370 2175 finem
386 2130 489 2193 potest
515 2121 560 2174 vel
584 2119 708 2175 aliunde
734 2118 823 2175 facile
840 2118 972 2192 suppleri

279 2201 326 2256 vel
341 2211 444 2272 aptum
461 2209 546 2256 certo
562 2198 691 2256 evadere
707 2199 744 2254 ad
766 2198 851 2256 illurn
879 2201 971 2256 finem

279 2297 316 2336 ex
329 2277 546 2336 efformatione
559 2277 624 2353 ipsa
635 2289 749 2336 nostrae
762 2278 973 2348 eonscientiae,

279 2369 309 2416 et
326 2371 398 2416 tunc
422 2360 468 2416 vel
490 2359 590 2416 minus
617 2361 662 2415 vel
689 2361 862 2416 nullatenus
889 2369 974 2435 urget

279 2438 429 2515 obligatio
452 2439 620 2496 adhibendi
637 2438 772 2495 medium
790 2439 891 2496 tutius

317 2555 364 2608 30.
389 2537 459 2602 Lex,
487 2536 525 2593 de
555 2555 614 2611 qua
640 2549 725 2594 certo
750 2555 812 2593 non
848 2547 956 2593 consta

279 2627 350 2689 post
365 2615 500 2672 debitam
516 2615 758 2690 inquisitionem,
775 2618 820 2672 vel
833 2633 898 2672 non
912 2615 956 2672 exi

279 2693 338 2762 stit,
356 2696 401 2750 vel
418 2713 481 2752 non
508 2696 633 2772 obligat,
661 2695 732 2770 quia
754 2713 817 2753 non
839 2707 885 2752 est
901 2695 956 2752 sati

280 2773 486 2848 manifestata;
