2172 3174
197 199 241 246 Jus
260 199 391 246 suetonis,
410 200 550 248 acquisitio
568 199 677 236 nouum.
750 185 782 248 65

84 337 244 402 seponunt
272 343 364 401 parce
397 325 531 385 vivendo
568 343 606 384 ex
638 323 782 384 beneficii

16 451 17 454 η
88 405 257 464 fructibus:
305 446 307 451 -

124 489 226 545 Porro
256 485 384 544 clericus
410 485 583 544 dominium
614 486 782 562 perfectum

88 567 182 624 habet
195 567 351 625 bonorum
354 568 614 642 patrimoniolium,
626 567 783 624 casualium

87 657 178 722 atque
197 646 603 721 parcimonialium;—bonis
619 656 719 704 autem
741 664 783 703 cc·

85 727 250 785 clesiastc'cc's
260 725 302 784 uti
315 725 440 801 quidem
452 737 555 802 potest
567 727 606 784 ad
618 727 782 785 honestam

16 849 18 858 ,
88 805 359 880 sustentationem,
398 807 453 864 sed
490 825 597 866 eorum
633 807 783 883 superflua

87 905 216 963 erogare
228 896 347 944 tenetur
361 886 393 944 in
409 886 460 962 pia
482 905 585 962 opera,
609 886 655 944 sin
682 886 782 944 minus

16 1013 17 1016 η
88 985 128 1026 ex
141 965 267 1043 justitia,
284 969 391 1024 saltem
404 967 460 1025 sub
475 967 567 1042 gravi,
585 967 703 1026 ratione
719 979 782 1024 tum

88 1046 236 1123 praecepti
260 1046 417 1119 Ecclesiae,
441 1059 503 1104 turn
519 1047 651 1124 propriae
666 1047 782 1106 indolis

88 1127 268 1204 hujusmodi
282 1128 449 1186 bonorum.

128 1256 186 1326 176.
210 1254 257 1309 Ex
283 1253 348 1328 jure
373 1251 502 1324 naturali
529 1251 657 1328 quilibet
684 1253 782 1310 homo

88 1337 136 1409 jus
152 1332 245 1390 habet
260 1332 429 1407 perfeetum
454 1331 485 1389 in
508 1333 639 1390 fructum
659 1350 722 1390 suae
737 1331 782 1388 in·

88 1411 214 1470 dustriae
229 1423 260 1469 et
274 1409 319 1469 sui
341 1410 456 1489 ingenii
478 1411 509 1469 in
533 1411 620 1471 omni
642 1410 783 1470 scientia·

91 1512 155 1550 rum
182 1501 235 1550 aut
259 1490 369 1549 artium
394 1511 518 1568 genere,
545 1495 652 1552 saltem
678 1491 782 1550 donec

91 1591 168 1649 opus
185 1591 273 1630 suum
286 1571 359 1647 juris
375 1571 490 1646 publici
506 1571 697 1646 lecerit;—et
711 1581 784 1648 post

16 1675 17 1678 ¹
86 1665 223 1732 ⁸mortem
245 1651 380 1710 auctoris
396 1651 565 1728 proprietas
591 1663 654 1710 tum
671 1652 782 1710 littera·

91 1733 213 1791 riatum
229 1731 364 1790 artistica
389 1732 420 1790 in
445 1733 583 1790 haeredes
609 1732 716 1790 transit
744 1751 783 1791 ex

91 1815 157 1890 lege
173 1811 285 1888 gallica
300 1812 339 1869 ad
361 1829 396 1888 50
412 1831 521 1871 annos

130 1947 185 2002 177.
213 1925 388 2002 Acqniritur
403 1927 582 1999 dominium,
592 1927 716 1987 actione
731 1928 784 1986 illa
799 1936 957 1990 3.n0quisnt0.

91 2027 151 2084 qua
162 2007 230 2084 quis
243 2026 306 2064 rem
319 2007 452 2084 aliquam
465 2007 538 2066 lacit
550 2027 634 2066 snam
648 2009 781 2084 :—-quod

91 2089 227 2164 quinque
248 2086 444 2163 potissimum
466 2088 570 2146 modis
585 2089 723 2161 efficitur,
739 2087 782 2146 ni-

91 2167 202 2226 mirum
236 2170 426 2243 occupatione,
457 2169 625 2240 inventione,
645 2169 782 2244 prascri-

84 2251 190 2326 ptione,
206 2250 358 2305 accessione
373 2259 401 2306 et
417 2255 547 2306 controct
568 2295 573 2306 .

16 2335 18 2354 Ι

131 2376 192 2447 178,
217 2371 390 2448 Occupatio
412 2383 458 2430 est
479 2371 567 2430 realis
592 2371 720 2449 alicujus
741 2371 783 2430 rei
811 2381 944 2432 Occupatio·

16 2455 17 2500 ἶ
91 2451 298 2528 apprehensio
322 2471 392 2510 curn
407 2451 512 2510 animo
528 2471 595 2510 eam
611 2451 668 2510 sibi
682 2451 785 2528 acqui·

157 2532 179 2590 li
192 2531 447 2608 z-apprehensio
463 2531 513 2590 hic
526 2543 572 2590 est
583 2532 785 2608 intelligenda

148 2623 177 2670 ta
200 2613 329 2672 modum
345 2631 434 2688 quem
452 2612 596 2687 quaelibet
611 2631 657 2671 res
672 2612 785 2688 patitur

165 2693 222 2750 fert
247 2711 326 2765 usus,
353 2711 463 2768 nempe
481 2712 580 2765 uranu,
606 2693 694 2769 pede,
711 2704 783 2766 rete,

158 2774 283 2831 vulnere
297 2772 428 2831 inflicto.

667 2879 678 2916 5
761 2929 762 2932 ,
