2190 3174
293 177 329 227 80
352 189 621 226 orrtctA.—sn1³rtnun1
640 187 764 224 ntcnnoot
783 189 948 224 Pnezctprutt.

293 327 406 389 secuta,
419 314 474 374 sed
486 313 578 374 etiam
594 314 632 372 ad
646 314 878 388 manifestanda,
894 325 985 390 atque

292 395 496 472 procuranda,
518 394 543 453 si
572 413 650 470 opus
672 395 718 466 sit,
749 395 851 454 media
876 393 986 469 quibus

293 475 453 552 proximus
475 474 540 550 ipse
562 485 672 534 eaetera
693 476 806 534 damna
820 475 987 550 spiritualia

294 573 431 632 reparare
447 557 553 612 valeat.

118 679 280 732 2⁰.1nbonis
334 691 391 746 ιιι).
408 667 468 743 Qui
484 669 585 728 sciens
601 679 631 727 et
642 671 751 728 volens
766 669 859 728 alium
874 669 984 744 injuste

139 752 266 816 corporis.
294 752 441 810 mutilavit
458 751 506 808 vel
526 750 634 822 occidit,
660 769 700 808 ex
722 750 837 826 justitia
857 760 988 822 tenetur,

136 853 156 880 τ
166 837 262 878 Homini·
295 849 360 890 non
377 831 474 890 modo
491 830 529 887 ad
542 798 791 888 satisfaciendum
804 847 861 906 pro
877 828 988 906 injuria

166 890 234 932 dium.

294 911 353 987 ipsi
380 927 520 987 personae
540 910 633 981 illata,
659 910 746 968 sed
739 929 863 986 msuper
876 921 906 968 et
922 907 986 985 qui-

295 993 366 1050 dem
378 1010 448 1050 eum
460 989 522 1048 suis
534 989 706 1054 haeredibus
718 991 757 1048 ad
771 990 986 1067 reparandum:

335 1091 355 1129 1.
382 1071 474 1129 Certo
495 1089 565 1147 erga
586 1072 691 1130 laesum
706 1072 813 1161 ejusve
839 1070 988 1141 haeredeS,

294 1169 360 1210 non
375 1169 448 1210 sane
470 1149 567 1226 ipsam
584 1161 648 1208 mut
637 1149 711 1208 tilat
691 1161 809 1208 nonem
829 1161 880 1208 aut
907 1168 989 1208 mor-

295 1242 356 1290 tem
359 1234 438 1308 ,jam
453 1231 596 1322 prefecto
609 1229 843 1306 irreparabilem,
858 1231 913 1288 sed
926 1229 986 1288 alia

296 1279 410 1371 danina
432 1329 500 1386 quae
529 1311 647 1371 ratione
677 1309 897 1370 vulnerationis
930 1309 988 1386 ipsi

297 1394 372 1452 laeso
393 1391 478 1450 illata
499 1403 582 1463 sunt;

337 1493 360 1532 2.
383 1470 579 1529 Probabilius
605 1472 701 1530 multo
727 1489 798 1548 erga
822 1474 886 1547 ejus
912 1487 989 1528 uxo-

297 1571 369 1625 rem,
393 1551 474 1610 filios
490 1561 540 1609 aut
555 1563 661 1627 parent
663 1570 703 1621 es
726 1552 839 1608 damna
864 1569 932 1641 quae
947 1566 986 1608 ex

245 1693 249 1700 ,
297 1631 475 1709 hujusmodi
507 1630 700 1690 mutilatione
739 1633 787 1688 vel
823 1629 986 1690 occisione

297 1711 371 1788 ipsis
393 1711 568 1770 necessario
590 1712 795 1786 obvenerunt;

338 1793 376 1848 Et
398 1811 423 1866 3
439 1792 528 1850 valde
543 1791 743 1868 probabiliter
768 1810 838 1867 erga
858 1800 988 1850 caeteros

299 1871 466 1947 quoslibet,
501 1871 615 1930 damna
643 1890 712 1947 quae
740 1871 800 1930 illis
825 1889 879 1947 per
907 1871 989 1928 hanc

298 1962 430 2010 mortem
449 1951 578 2010 occisor
604 1962 635 2010 et
655 1950 796 2028 apposite
821 1947 919 2010 voluit
944 1949 988 2007 in-

299 2031 375 2090 ferre
397 2041 426 2089 et
441 2049 545 2107 reapse
561 2030 670 2090 intulit.

339 2176 400 2214 220.
423 2157 574 2228 Duellann
608 2155 658 2231 qui
681 2157 809 2214 alterum
838 2153 989 2214 mutilavit

300 2248 351 2312 aut
385 2236 516 2308 occidit,
542 2237 581 2294 ad
616 2238 732 2294 nullam
763 2234 989 2294 restitutionem

300 2327 427 2390 tenetur,
453 2336 523 2374 cum
560 2319 608 2393 jus
637 2315 773 2375 hominis
801 2313 888 2374 inviti
924 2333 990 2374 non
1026 2358 1029 2364 .

300 2395 468 2469 violaverit,
485 2395 544 2454 nisi
560 2397 639 2456 forte
658 2407 741 2454 metu
762 2395 897 2454 infamiae
919 2397 992 2454 alte-

300 2475 399 2536 riusve
415 2475 514 2553 gravis
530 2476 635 2534 damni
650 2476 736 2534 illum
751 2474 837 2551 quasi
854 2475 993 2552 coegerit

301 2557 340 2614 ad
355 2555 491 2615 duellum
516 2557 749 2632 acceptandum.

125 2705 285 2752 zFomicatio.
341 2707 395 2747 221.
417 2689 591 2746 Fornicator
605 2705 644 2746 ex
656 2685 771 2762 justitia
786 2697 912 2760 tenetur,
926 2704 992 2746 non

301 2787 375 2828 sane
401 2769 439 2827 ad
466 2767 608 2844 corporis
640 2766 762 2844 virginis
787 2765 993 2844 integritatem
