2172 3174
298 172 343 235 '34
522 184 793 220 oman-vlnwans

310 322 458 388 qnatenus
475 309 592 368 directe
607 321 637 368 et
650 309 828 368 immediate
844 309 1004 388 attingitur

309 412 363 469 per
387 402 472 449 actus
495 393 633 449 virtutum
662 391 911 465 Theologicarum,
937 393 1003 450 sive

310 484 458 548 quatenns
482 471 637 529 mediante
664 473 747 528 cultu
767 471 932 547 attingitur,
948 490 1004 548 per

310 555 443 612 virtutem
465 571 507 610 sc.
522 553 677 626 religionis,
704 570 796 626 quam
816 551 908 610 nobis
926 571 1003 628 prae·

309 631 448 772 {erlibunt
468 642 622 708 praecepta
645 629 797 708 Decalogi
821 631 931 708 prioris
960 642 1002 690 ta-

335 731 352 772 u
367 731 402 771 ae.

573 879 686 926 CAPUT
709 881 733 927 1.

465 1008 599 1056 OFFICIA
616 1008 712 1058 ERGA
731 1007 845 1056 DEUM.

467 1142 471 1151 '
556 1162 727 1204 Annennns
741 1164 756 1204 1.

466 1267 622 1310 VIRTUTES
640 1268 850 1310 nnsoaoeicsa.

352 1415 393 1470 91.
416 1396 507 1465 Dens,
535 1392 603 1450 finis
626 1404 732 1452 noster
757 1393 1005 1469 supernaturalis,

311 1473 488 1534 immediate
524 1473 631 1548 attingi
658 1484 761 1549 potest
786 1485 855 1532 actu
880 1473 1002 1550 triplici,

311 1553 454 1614 nimirum
468 1575 487 1610 1.
500 1553 656 1611 intellectu
670 1554 725 1611 sub
738 1553 855 1612 ratione
871 1553 941 1626 veri,
949 1572 1006 1630 per

303 1637 405 1714 fidem,
419 1654 493 1691 -2.
515 1636 672 1692 voluntate
697 1635 753 1692 sub
783 1635 901 1692 ratione
925 1634 1004 1694 boni

312 1715 417 1790 quoad
442 1732 517 1796 nos!
532 1733 585 1790 per
605 1725 764 1790 spenz;-et
792 1735 817 1788 3.
844 1715 1004 1772 voluntate

311 1795 420 1854 iterum
436 1794 490 1852 sed
510 1795 567 1850 sub
589 1793 707 1852 ratione
733 1795 808 1853 boni
830 1793 935 1869 quoad
960 1813 1004 1865 se,

311 1894 366 1952 per
379 1876 555 1932 charitalem.

548 2043 763 2108 I.-Fides

210 2153 220 2192 1

179 2183 259 2247 nca'ue
353 2206 396 2261 92.
421 2187 515 2242 Actus
541 2182 611 2240 fidei
635 2195 680 2240 est
701 2181 1006 2241 assensusfirmissi·

152 2269 284 2299 anacam
312 2285 378 2324 mus
390 2263 565 2322 veritatibus
577 2284 594 2320 a
607 2265 674 2321 Deo
687 2261 826 2321 revelatis
841 2261 1005 2337 praestitus,

157 2333 273 2382 ᾸΝθῑῑθ·
312 2355 437 2421 propter
462 2343 674 2403 anctoritatem
700 2341 795 2418 ipsius
832 2342 890 2400 Dei
918 2359 1005 2402 reve-

312 2423 412 2484 lantis.
718 2441 720 2449 '

148 2545 288 2596 ILNeces-
352 2551 397 2608 93.
423 2533 518 2589 Actus
547 2530 617 2588 fidei
646 2532 773 2587 internus
797 2540 843 2587 est
865 2528 956 2587 medi·

182 2618 253 2666 sitas.
313 2611 456 2671 omnibus
488 2611 599 2668 adultis
632 2611 772 2668 absolute
796 2609 948 2668 necessari

141 2691 616 2830 1,1ntemus,gdjustificationem
640 2691 871 2766 assequendam,
894 2700 923 2748 et
939 2709 952 2766 e

337 2791 431 2830 emm
448 2789 492 2844 re;
