2172 3174
1 232 5 297 't

1 369 5 427 i

1 430 4 476 r

206 209 316 245 reumont
334 209 459 246 uscatoot
480 209 646 248 PRAEGEPTUM.
739 209 774 258 49

1 354 2 362 ¹
76 354 143 392 rem
171 335 330 394 moraliter
348 338 505 412 aequalem,
528 337 582 395 sed
604 355 696 395 causa
718 337 775 394 suf-

77 414 188 474 ficiens
215 414 270 474 erit
288 415 355 492 ipsa
369 415 478 493 petitio
494 415 644 490 voventis,
664 435 775 492 nempe

1 542 2 547 ,
77 505 110 553 ut
132 495 277 554 alacriori
293 496 399 554 animo
415 507 520 556 votum
535 495 669 572 impleat.

117 621 176 676 137.
198 603 267 678 Ipse
288 597 404 660 vovens
426 613 529 678 potest
554 602 637 679 prius
666 614 773 662 votum

79 693 275 741 commutare
289 681 320 740 in
337 701 400 740 rem
416 693 501 742 certo
518 685 564 742 vel
576 683 777 759 probabiliter

80 761 243 820 meliorem
263 773 293 820 et
308 761 433 838 quidem
455 764 569 839 absque
592 765 653 822 ulla
673 783 774 838 eausa,

1 882 4 886 »
79 841 187 900 -imo
202 853 232 899 et
245 845 331 918 juxta
346 844 447 918 plures
463 843 554 901 etiam
575 843 606 901 in
625 845 774 918 aequalem

1 921 2 982 f
79 921 152 998 quia
180 923 264 980 Deus
297 941 362 981 non
393 932 438 980 est
468 923 559 982 durus
589 920 718 982 e'xactor
745 935 775 982 et

1 1019 3 1075 g
79 1021 196 1060 vovens
219 1021 287 1060 eam
310 1001 435 1060 hilarius
451 1003 620 1079 praestabit;

120 1083 160 1140 Et
192 1081 217 1140 si
246 1081 399 1158 professio
434 1082 578 1160 religiosa
612 1083 773 1156 emittatur,

81 1173 155 1220 vota
198 1161 342 1236 quaelibet
380 1160 461 1238 prius
502 1163 582 1221 facta
621 1163 652 1220 in
690 1165 774 1222 illam

1 1263 2 1322 J
79 1253 310 1301 commutantur
332 1251 361 1300 et
377 1261 431 1318 per
451 1242 534 1305 illam
557 1243 706 1320 ipsojure
721 1262 774 1302 ex·

78 1321 266 1398 tinguuntur.

368 1489 398 1578 g.
425 1494 488 1558 m.

97 1635 248 1716 Tempus
265 1633 386 1698 diuino
403 1637 515 1699 orcltut'
530 1635 725 1699 dicundum
744 1657 752 1696 :

263 1755 390 1815 Tertium
412 1759 595 1833 Praeceptum.

118 1909 179 1981 138.
214 1907 404 1983 Praecep'tum
443 1907 563 1966 tertium
608 1909 772 1987 Decalogi,
797 1915 934 1966 ᾸΜοναιι.

4 1981 9 1989 ’
77 1998 229 2062 quatenus
244 1989 380 2046 naturale
396 1998 487 2064 atque
502 1989 619 2048 morale
636 2000 689 2063 est,
707 2008 773 2050 orn·

77 2085 134 2125 nes
146 2066 249 2124 adhuc
264 2067 427 2144 adstringit
442 2068 585 2128 homines
601 2069 640 2126 ad
652 2080 772 2146 tempus

0 2203 1 2216 ἢ
76 2145 207 2222 aliquod
229 2145 336 2206 divino
357 2147 452 2207 cultui
476 2147 718 2225 impendendum
743 2161 773 2208 et

0 2221 1 2236 ¹
77 2226 205 2303 quidem
241 2246 294 2303 per
332 2227 395 2286 veri
431 2227 573 2287 sacrificii
612 2229 773 2307 participa·

0 2309 1 2340 ³
76 2305 211 2378 tionem;

117 2387 180 2446 Sed
220 2397 369 2462 quatenus
401 2397 447 2446 est
484 2388 701 2448 caeremoniale
743 2399 773 2448 et
801 2393 934 2444 [reare-

0 2439 1 2464 i
76 2465 198 2526 sabbati
223 2467 309 2542 jubet
337 2467 574 2542 observantiam,
605 2489 622 2527 a
648 2469 772 2530 Christo
811 2465 921 2516 naeniae.

145 2556 260 2624 ›gatum
295 2546 521 2624 fuit,-illique
550 2547 773 2608 substituuntur

143 2625 228 2686 lesiae
243 2639 396 2704 praecepta
410 2627 449 2686 de
465 2627 632 2688 dominicis
645 2640 674 2687 et
687 2629 772 2688 festis

141 2705 220 2764 :ndis
236 2725 289 2782 per
304 2706 510 2766 cessationem
527 2707 683 2768 servilium
698 2727 772 2785 ope-

133 2807 138 2816 ·
165 2803 292 2846 necnon
308 2787 411 2848 Missae
436 2787 637 2848 auditionem.

656 2917 667 2952 4
