2172 3174
151 1008 193 1074 4⁰.
208 1013 275 1060 Pro-

147 1083 283 1146 mulgatio.

307 170 335 219 18
498 183 816 220 mormaxnum-troas·

307 319 393 368 extra
409 308 703 381 territorium—nec
718 309 920 384 probabiliter
935 310 999 368 loci

307 389 337 447 in
355 408 427 466 quo,
440 400 604 461 versantur,
620 388 692 463 quia
710 389 823 450 subditi
840 407 903 448 non
920 401 999 463 sunt,

307 471 406 528 modo
425 481 527 528 tamen
549 469 677 528 violatio
700 471 877 544 hujusmodi
897 473 999 546 legum

307 569 372 609 non
388 551 479 608 cedat
493 549 523 606 in
540 549 686 642 damnum
701 549 845 625 proximi.
936 585 941 591 ·

347 685 392 740 43.
416 664 610 738 Quicumque
630 663 742 722 alicubi
765 664 823 741 legi
840 666 999 723 communi

305 749 385 822 jam¹
404 744 560 815 satisfecit,
593 762 658 802 non
688 743 796 802 iterum
822 745 999 803 satisfacere

308 836 428 884 tenetur
451 823 618 882 adveniens
644 824 674 881 in
702 827 806 883 locum
828 825 878 883 ubi
903 826 999 883 serius

307 917 402 982 urget.

347 1033 394 1084 44.
422 1013 461 1070 Ut
475 1013 526 1069 lex
544 1010 678 1087 positiva
700 1021 728 1068 te
750 1011 780 1070 in
806 1012 1000 1071 conscientia

309 1092 434 1168 obliget,
457 1110 521 1150 non
537 1091 650 1150 sufficit
670 1091 754 1148 illam
770 1091 824 1150 tibi
841 1093 1007 1168 cognitam

309 1191 383 1241 esse,
411 1172 465 1230 sed
495 1171 656 1247 requiritur
682 1171 762 1230 iilius
791 1171 999 1249 promulgatio

308 1252 432 1328 publica
456 1251 487 1309 in
509 1253 583 1310 loco
608 1251 659 1310 tali
684 1253 766 1310 unde
792 1253 831 1310 ad
856 1253 998 1312 notitiam

309 1331 539 1391 communitatis
554 1331 711 1408 pervenire
727 1333 844 1408 possit:

349 1415 382 1470 In
397 1415 466 1471 foro
479 1424 581 1470 tamen
594 1423 723 1470 externo
737 1415 786 1471 lex
799 1413 853 1470 rite
865 1415 998 1489 promul-

243 1523 245 1527 ·
309 1504 378 1569 gata
393 1505 421 1550 te
438 1492 556 1568 obligat
581 1493 619 1549 ad
644 1511 770 1567 poenam
791 1505 863 1569 post
878 1505 999 1552 senten·

135 2297 182 2343 III.
194 2296 294 2358 Obliga·

193 2367 234 2416 tio.

135 2476 154 2513 1.
170 2463 215 2512 Vis
228 2464 293 2512 obli·

168 2535 257 2598 gandi.

308 1572 383 1631 tiam
396 1571 508 1648 judicis
523 1573 722 1644 subeundam,
740 1571 859 1632 etiarnsi
884 1586 916 1631 tu
931 1593 998 1632 earn

308 1671 373 1712 uon
389 1663 574 1728 cognoscas

348 1787 392 1844 45.
418 1768 611 1843 Quamquam
648 1769 698 1826 lex
730 1769 878 1844 apopuli
912 1764 999 1829 acce-

309 1849 451 1926 ptatione
467 1851 639 1906 nullatenus
654 1849 769 1924 pendet
783 1869 836 1924 per
851 1869 882 1908 se
896 1852 1000 1925 quoad

309 1928 369 1988 virn
396 1927 786 2004 obligandi,—interdum
815 1942 916 1988 tamen
945 1951 998 2007 per

309 2008 455 2068 accidens
471 2011 521 2066 lex
536 2010 669 2066 humana
683 2027 747 2067 non
760 2021 919 2085 acceptata
933 2030 998 2070 non

310 2089 427 2166 obligat
450 2088 568 2146 ratione
596 2107 767 2148 consensus
790 2092 896 2148 saltem
914 2091 998 2149 taciti

309 2167 489 2245 Superioris.

348 2288 401 2356 46..
430 2282 588 2359 Obligatio
622 2294 667 2341 est
696 2286 812 2342 morale
842 2285 998 2344 vinculum

309 2383 370 2438 quo
387 2383 440 2420 ens
457 2364 584 2430 liberum
606 2363 803 2439 adstringitur
821 2365 860 2421 ad
882 2366 997 2440 aliquid

307 2443 483 2503 faciendum
499 2445 545 2501 vel
559 2443 764 2502 omittendum
781 2460 786 2501 :

348 2526 412 2599 Jam
428 2542 501 2582 vero
517 2543 581 2582 non
598 2525 685 2582 datur
709 2526 760 2581 lex
784 2525 900 2599 absque
920 2526 984 2584 oi''
1079 2535 1080 2538 ’

308 2604 433 2680 gatione
448 2607 495 2661 vel
513 2606 551 2661 ad
566 2623 693 2679 poenam
709 2606 756 2662 vel
772 2606 810 2662 ad
826 2607 956 2681 culpam,
1078 2599 1080 2610 ⁴

308 2685 347 2742 ad
364 2704 453 2761 quam
480 2686 600 2760 culpam
622 2684 759 2760 obligare
774 2705 827 2760 per
842 2705 873 2743 se
889 2689 964 2744 salte

309 2775 412 2840 potest
424 2764 526 2822 omnis
542 2767 599 2834 lex,
617 2765 708 2822 etiam
730 2765 837 2824 civilis.
