2172 3174
291 199 305 234 2
418 183 732 236 mimatensem-noros
751 203 858 238 nonani.

504 362 631 411 SECTIO
652 364 763 412 PRIMA.

484 489 596 538 ACTUS
622 487 776 536 HUMANI.
839 521 842 528 ‹

333 692 357 746 3.
373 673 419 728 De
435 681 504 729 actu
517 673 652 729 humano
666 671 864 746 quaerendum
877 672 959 732 venit
974 690 981 731 :

293 773 313 810 1.
332 751 405 826 quid
421 751 541 821 sit;—2.
556 771 696 826 quaenam
713 751 755 809 illi
772 752 982 826 adversarium

292 851 318 906 3.
334 832 488 889 undenam
504 832 606 890 honus
632 831 670 889 sit
692 833 739 889 vel
761 833 858 890 malus
884 853 982 892 mora·

292 911 446 982 liter;-et
469 934 495 984 4.
510 929 571 986 quo
596 923 688 987 pacto
709 911 746 970 sit
772 913 872 988 agenti
888 913 982 990 impu·

292 993 412 1050 tandus.

332 1147 358 1196 4.
384 1124 476 1184 Aetio
502 1127 622 1182 hominis
645 1124 697 1182 illa
720 1125 832 1183 dicitur
854 1142 921 1199 quae
945 1127 983 1183 ab

293 1205 394 1280 aliqua
432 1205 568 1264 hominis
607 1206 750 1263 facultate
788 1205 983 1280 procedit3-

293 1297 378 1344 actus
394 1304 466 1345 vero
488 1288 635 1355 humanus,
652 1285 704 1342 illa
726 1295 793 1360 quae
810 1286 951 1360 procedit
966 1306 984 1342 a

292 1366 388 1424 libera
402 1365 568 1425 voluntatis
581 1365 837 1423 determinatione
854 1385 923 1424 enm
939 1365 983 1424 in·
1045 1357 1051 1366 ’

292 1447 432 1504 tellectus
447 1444 636 1502 advertentia
651 1445 689 1500 ad
705 1447 878 1518 objectum:

333 1529 428 1582 Porro
445 1536 529 1582 aetus
545 1525 695 1580 humanus
719 1535 847 1581 vocatur
865 1527 984 1581 moralis
1060 1517 1062 1519 ’

292 1604 415 1680 quoties
440 1603 565 1679 ponitur
580 1622 648 1660 cum
671 1602 860 1660 advertentia
874 1603 913 1658 ad
930 1605 984 1660 ob-

290 1685 362 1760 jecti
379 1686 573 1742 honestatem
589 1685 635 1740 vel
651 1682 888 1742 inhonestatem.

333 1836 357 1894 5.
387 1818 520 1874 Voluntas
547 1827 591 1874 est
617 1815 756 1892 potentia
782 1834 843 1890 qua
866 1816 984 1874 bonum

293 1899 450 1956 intellectu
476 1898 698 1972 apprehensum
725 1895 984 1972 appetinirrs3-lt'·
1015 1951 1016 1954 ,

293 1980 387 2036 bertas
400 1996 471 2035 vero
489 1989 533 2035 est
549 1976 718 2053 proprietas
734 1996 777 2048 ea,
799 1995 858 2050 qua
873 1976 985 2051 gaudet

294 2061 445 2130 voluntas
473 2057 584 2134 agendi
615 2059 661 2114 vel
687 2075 751 2114 non
782 2057 907 2132 agendi,
936 2057 983 2112 vel

294 2159 386 2197 unum
399 2158 460 2214 prae
473 2139 539 2196 aliis
555 2137 696 2212 eligendi,
711 2137 729 2194 i.
744 2157 768 2194 e.
785 2139 823 2193 ad
837 2156 930 2192 unum
946 2153 984 2192 ex

293 2218 429 2297 pluribus
444 2237 511 2275 sese
527 2216 771 2275 determinandi:

334 2299 418 2358 Hinc
444 2298 521 2356 ratio
549 2299 709 2355 voluntarii
731 2295 761 2354 in
790 2315 828 2354 eo
857 2295 985 2370 praeeise

294 2378 438 2440 consistit
451 2379 534 2452 quod
548 2389 632 2434 aetus
647 2387 746 2434 ortum
760 2376 870 2433 habeat
881 2376 919 2432 ab
931 2376 985 2432 illa

294 2459 433 2536 potentia
461 2477 529 2532 quae
555 2475 593 2514 ex
618 2475 684 2515 sese
707 2457 745 2514 ad
771 2456 923 2532 agendum
949 2474 982 2514 se

295 2537 611 2608 determinat-ratio
640 2549 739 2594 autem
770 2539 860 2605 liberi,
887 2536 917 2593 in
946 2553 967 2592 e.

296 2621 380 2693 qnod
403 2619 614 2676 habitudinem
644 2617 788 2693 importet
815 2618 853 2674 ad
879 2627 960 2692 poter

295 2699 367 2756 tiam
384 2701 523 2756 eamdem
550 2710 697 2772 quatenns
712 2708 813 2773 potest
835 2715 922 2771 agere
938 2713 960 2750 v·

295 2799 358 2838 non
376 2798 463 2854 agere
480 2778 558 2836 :-in
576 2798 605 2834 re
619 2790 720 2835 tamen
737 2777 844 2834 morali
858 2777 963 2850 piernn
