2190 3174
236 211 239 220 v
268 203 455 250 orubionem
476 204 672 242 nssnrunnnuu.
786 205 815 256 77

121 329 201 409 gulis
239 329 496 408 cooperatoribus
537 329 720 390 incumbens
762 331 815 390 da·
831 340 983 392 nouatum.

122 430 230 470 mnum
247 411 364 470 illatum
380 409 541 486 reparandi
563 413 592 468 in
613 413 776 485 integrum:

164 491 266 550 Causa
294 489 439 564 quaelibet
458 492 600 566 partialis
630 490 761 551 influens
783 491 815 550 in
878 502 880 508 '

122 573 273 630 damnum
295 579 389 640 totum,
414 569 570 629 contrahit
591 571 815 648 obligationem

121 652 200 712 illud
230 651 390 726 reparandi
418 653 448 706 in
468 651 588 708 solidum
620 651 741 727 quoties
763 653 816 710 da·

122 751 231 791 mnum
247 732 294 788 vel
310 749 348 788 ex
360 731 413 788 illa
424 731 492 788 sola
505 741 604 789 totum
619 731 736 790 illatum
752 732 814 806 ruit,

122 814 171 871 vel
188 811 254 870 sine
269 810 322 869 illa
336 811 452 868 nullum
468 810 586 868 illatum
598 811 722 870 suisset:

165 891 258 951 Unde
283 890 347 948 fluit
369 893 532 948 insolidum
555 891 650 949 teneri
676 903 739 950 turn
761 911 816 952 eos

123 971 176 1049 qui
199 971 231 1030 in
254 969 487 1047 conspiratione
507 983 636 1030 caeteros
651 972 818 1031 efficaciter

123 1061 288 1112 moverunt
312 1051 352 1109 ad
378 1051 525 1110 damnum
559 1062 659 1110 toturn
687 1051 817 1110 inseren-

122 1133 212 1203 dum,
231 1141 339 1190 -turn
366 1149 421 1190 eos
450 1149 581 1206 quorum
610 1129 692 1192 actio
717 1143 817 1191 toturn

123 1213 273 1271 damnum
307 1210 442 1270 causavit
473 1210 589 1270 influxu
611 1211 742 1287 physico
770 1213 818 1270 vel

124 1292 356 1363 morali;-tum
381 1308 436 1349 eos
456 1309 587 1366 quorum
607 1291 689 1350 actio
711 1311 817 1350 neces-

124 1372 203 1432 saria
238 1371 293 1429 suit
330 1381 363 1428 ut
395 1371 542 1429 damnum
575 1371 616 1430 rei
649 1371 817 1430 individuae

5 1501 9 1508 .
39 1503 42 1508 .
124 1451 227 1512 inferri
254 1461 369 1527 posset.

165 1606 219 1643 212.
244 1583 309 1642 Nisi
335 1602 428 1642 causa
439 1585 520 1660 justa
541 1583 623 1642 aliud
650 1583 753 1662 exigat
767 1595 818 1644 aut

125 1668 233 1725 saltem
259 1663 422 1741 permittat,
448 1683 510 1722 rem
526 1663 656 1722 alienam
673 1663 717 1722 illi
733 1665 817 1724 resti-

124 1756 208 1806 tuere
233 1744 328 1802 debes
354 1743 402 1802 cui
429 1743 589 1816 abstulisti,
612 1744 675 1802 sive
703 1744 754 1804 ille
779 1745 818 1805 sit

124 1823 285 1897 dominus,
324 1823 387 1882 sive
415 1823 568 1901 legitimus
600 1835 715 1883 tanturn
746 1844 817 1902 pos·

125 1920 251 1966 sessor:

165 1987 242 2056 1mo,
260 1983 408 2058 quoniam
431 2001 495 2042 non
515 1983 627 2042 teneris
652 1983 744 2042 alium
773 1985 818 2044 in·

82 2129 87 2138 ,
124 2067 270 2125 demnern
296 2081 414 2122 servare
430 2083 500 2122 curn
516 2064 557 2122 tui
574 2063 769 2138 detrimento,
792 2065 817 2124 si

126 2165 144 2205 a
168 2145 233 2203 fure
260 2163 323 2201 rem
338 2143 470 2202 alienam
496 2144 652 2220 accepisti,
680 2143 724 2202 illi
749 2163 817 2203 eam

123 2225 251 2285 reddere
267 2235 365 2299 potes
379 2223 547 2300 praesertim
569 2224 695 2300 quando
717 2223 750 2282 id
766 2236 818 2284 tua

121 2306 257 2375 interest,
274 2323 300 2362 v.
313 2323 340 2363 c.
357 2315 387 2362 ut
404 2303 533 2380 pretium
549 2321 722 2380 recuperes;

162 2388 198 2444 In
222 2383 317 2443 dubio
340 2397 442 2454 autern
457 2384 496 2442 de
512 2384 644 2443 domino
667 2383 816 2460 legitim0,

122 2485 186 2524 rem
202 2483 259 2540 pro
276 2475 340 2522 rata
353 2463 481 2541 singulis
492 2463 704 2540 probabilibus
717 2464 816 2524 dorni·

161 2543 367 2604 sdistribuere
381 2545 576 2616 debes—vel
599 2544 624 2602 si
647 2545 817 2604 commode
886 2563 888 2566 ·

161 2626 198 2684 ud
214 2625 315 2682 sacere
331 2643 473 2700 nequeas,
490 2624 521 2681 in
544 2625 629 2682 bona
641 2643 736 2701 opera
750 2643 816 2684 ero·

149 2724 196 2764 rre
227 2720 233 2761 :
264 2723 335 2761 narn
360 2721 524 2781 possessor
548 2705 638 2764 malae
666 2704 737 2763 ndei
753 2723 817 2763 rem

149 2785 256 2846 ,ienam
271 2783 329 2842 sibi
346 2802 464 2842 servare
479 2784 595 2860 nequit.
