2172 3174
270 229 271 232 Ἴ
291 183 318 231 14
481 184 798 220 montmerla-tuone

330 313 368 368 Et
393 310 568 386 regulariter
583 311 743 386 loquendo
767 309 985 368 Confessarius

291 390 421 450 suaviter
444 376 534 448 sirbul
567 402 595 448 et
625 391 743 450 sortiter
766 391 793 448 ei
819 391 985 466 prohibere

277 483 393 548 ¹potest
406 471 570 546 quominus
582 472 747 542 actionem,
765 472 803 528 de
826 489 885 546 qua
901 489 986 528 scru-

291 553 395 628 pulum
419 552 522 621 habet,
550 563 695 626 tanquam
730 551 983 627 peccaminosarn

292 633 482 704 confiteatur,
506 629 564 688 nisi
577 634 675 708 jurare
691 643 782 706 queat
797 644 826 688 et
841 651 904 690 rem
920 651 984 689 ma·

292 715 352 771 lam
366 731 432 770 esse
447 723 476 768 et
492 731 524 768 se
540 730 728 770 consensum
743 711 918 788 praebuisse.

332 831 375 884 33.
393 809 453 883 Qui
469 809 602 868 scienter
617 812 695 868 laxae
710 809 912 868 conscientiae
928 810 986 867 ob·

293 890 436 966 seqnitur,
459 909 498 948 ex
513 890 627 948 leviore
644 890 763 949 motivo
777 890 919 965 judicans
931 889 985 948 ali·

293 971 366 1047 quid
391 969 514 1028 vetitum
536 989 599 1028 non
616 989 682 1029 esse
698 973 804 1028 saltem
821 972 876 1028 sub
892 969 985 1045 gravi,
1076 967 1083 1044 f

293 1053 435 1127 profecto
458 1062 567 1125 peceat
590 1050 614 1108 si
639 1051 670 1108 in
694 1069 725 1108 re
751 1050 843 1108 dubia
867 1061 985 1124 partem

293 1131 424 1190 libertati
456 1133 608 1188 faventem
634 1131 749 1205 absque
783 1129 986 1204 inquisitione

294 1213 513 1287 amplectatur:
527 1227 590 1268 non
607 1209 689 1269 enim
705 1221 848 1286 operatur
859 1229 896 1268 ex
910 1229 986 1268 con·

294 1291 423 1352 scientia
438 1302 519 1349 certa
535 1301 563 1348 et
578 1291 787 1367 imprudenter
802 1310 834 1348 se
857 1289 988 1366 exponit

293 1372 433 1449 periculo
449 1371 586 1430 violandi
603 1374 712 1448 legem.

552 1539 664 1587 CAPUT
688 1541 724 1588 111

368 1630 369 1635 =
458 1669 599 1717 REGUlA
618 1666 821 1730 OBJECYWA.

335 1801 380 1856 34.
404 1781 521 1856 Regula
540 1781 744 1838 humanorum
760 1790 882 1836 actuum
902 1779 987 1854 obje-

298 1861 378 1920 ctiva
407 1860 436 1918 in
464 1880 574 1936 genere
602 1871 730 1934 accepta
755 1877 815 1916 una
843 1859 987 1934 profecto
1013 1899 1014 1904 κ
1082 1905 1083 1908 ¹

297 1953 351 2013 est;
377 1941 443 2016 ipsa
467 1941 609 1998 nimirum
635 1939 789 1997 intimatio
814 1939 987 1997 mediorum
1082 1957 1083 1964 ¹

298 2042 365 2098 quae
382 2021 501 2080 homini
521 2032 591 2080 sunt
613 2019 788 2079 necessario
811 2019 988 2077 adhibenda

298 2114 329 2160 ut
355 2103 445 2160 linem
471 2121 558 2159 suum
581 2099 922 2175 assequatur;—bilario
946 2110 988 2157 ta·

297 2202 367 2241 men
397 2195 537 2258 respectu
562 2192 663 2256 potest
689 2181 887 2250 considerari,
914 2183 944 2236 in
962 2199 990 2237 se

245 2298 247 2305 ·
298 2262 442 2321 videlicet
457 2274 486 2319 et
499 2265 528 2318 in
539 2264 585 2318 sui
598 2263 828 2336 transgressione.

543 2411 713 2452 ARTICULUS
727 2411 744 2451 1.

197 2571 206 2610 l
327 2519 449 2559 REGULA
465 2518 639 2566 OBJECTIVA
659 2517 765 2566 QUOAD
777 2515 813 2555 SE
823 2515 962 2556 :—-LEGES.

136 2603 275 2665 [assisia.
338 2636 381 2694 35.
419 2620 527 2675 Homo
554 2628 672 2673 creatus
701 2634 764 2673 non
801 2624 846 2671 est
875 2614 932 2672 nisi
959 2635 967 2671 l

142 2709 276 2760 LNatnra.
300 2701 391 2756 finem
418 2717 504 2755 suum
525 2697 674 2767 ultimum,
691 2715 862 2770 supremam
879 2713 967 2769 nemp

299 2777 529 2850 beatitudinem,
546 2787 745 2851 assequatur:
