<?xml version="1.0" encoding="UTF-8"?>
<!DOCTYPE html PUBLIC "-//W3C//DTD XHTML 1.0 Transitional//EN"
    "http://www.w3.org/TR/xhtml1/DTD/xhtml1-transitional.dtd">
<html xmlns="http://www.w3.org/1999/xhtml" xml:lang="en" lang="en">
 <head>
  <title>
</title>
<meta http-equiv="Content-Type" content="text/html;charset=utf-8" />
  <meta name='ocr-system' content='tesseract 3.04.00' />
  <meta name='ocr-capabilities' content='ocr_page ocr_carea ocr_par ocr_line ocrx_word'/>
</head>
<body>
  <div class='ocr_page' id='page_1' title='image "assertamoralia00mathgoog_0023.png"; bbox 0 0 2172 3174; ppageno 0'>
   <div class='ocr_carea' id='block_1_1' title="bbox 363 219 529 256">
    <p class='ocr_par' dir='ltr' id='par_1_1' title="bbox 363 219 529 256">
     <span class='ocr_line' id='line_1_1' title="bbox 363 219 529 256; baseline -0.006 0"><span class='ocrx_word' id='word_1_1' title='bbox 363 219 529 256; x_wconf 64' lang='lat' dir='ltr'>couscientia.</span> 
     </span>
    </p>
   </div>
   <div class='ocr_carea' id='block_1_2' title="bbox 367 365 527 411">
    <p class='ocr_par' dir='ltr' id='par_1_2' title="bbox 367 365 527 411">
     <span class='ocr_line' id='line_1_2' title="bbox 367 365 527 411; baseline 0 -1"><span class='ocrx_word' id='word_1_2' title='bbox 367 365 480 411; x_wconf 84' lang='lat' dir='ltr'>CAPUT</span> <span class='ocrx_word' id='word_1_3' title='bbox 504 367 527 410; x_wconf 92' lang='grc' dir='ltr'>Ι.</span> 
     </span>
    </p>
   </div>
   <div class='ocr_carea' id='block_1_3' title="bbox 53 469 795 554">
    <p class='ocr_par' dir='ltr' id='par_1_3' title="bbox 53 469 795 554">
     <span class='ocr_line' id='line_1_3' title="bbox 53 469 795 554; baseline 0 -14"><span class='ocrx_word' id='word_1_4' title='bbox 53 526 56 533; x_wconf 95' lang='grc'>.</span> <span class='ocrx_word' id='word_1_5' title='bbox 103 493 245 541; x_wconf 71' lang='lat' dir='ltr'>auotun</span> <span class='ocrx_word' id='word_1_6' title='bbox 270 469 488 554; x_wconf 74' lang='lat' dir='ltr'>sou’acTJVn</span> <span class='ocrx_word' id='word_1_7' title='bbox 508 492 795 542; x_wconf 69' lang='lat' dir='ltr'>.·-cousclaurti.</span> 
     </span>
    </p>
   </div>
   <div class='ocr_carea' id='block_1_4' title="bbox 143 594 963 702">
    <p class='ocr_par' dir='ltr' id='par_1_4' title="bbox 143 594 963 702">
     <span class='ocr_line' id='line_1_4' title="bbox 143 594 963 702; baseline -0.004 -15"><span class='ocrx_word' id='word_1_8' title='bbox 143 653 188 702; x_wconf 85' lang='lat'>24.</span> <span class='ocrx_word' id='word_1_9' title='bbox 215 630 450 690; x_wconf 82' lang='lat' dir='ltr'>Conscientiam</span> <span class='ocrx_word' id='word_1_10' title='bbox 476 632 610 690; x_wconf 85' lang='lat' dir='ltr'>dicimus</span> <span class='ocrx_word' id='word_1_11' title='bbox 627 643 727 688; x_wconf 84' lang='lat' dir='ltr'>actum</span> <span class='ocrx_word' id='word_1_12' title='bbox 752 633 795 688; x_wconf 87' lang='lat' dir='ltr'>in-</span> <span class='ocrx_word' id='word_1_13' title='bbox 819 594 963 697; x_wconf 54' lang='lat' dir='ltr'>omnim.</span> 
     </span>
    </p>
   </div>
   <div class='ocr_carea' id='block_1_5' title="bbox 38 711 795 948">
    <p class='ocr_par' dir='ltr' id='par_1_5' title="bbox 38 711 795 948">
     <span class='ocr_line' id='line_1_5' title="bbox 38 711 795 786; baseline 0.005 -22"><span class='ocrx_word' id='word_1_14' title='bbox 38 759 40 764; x_wconf 92' lang='lat'><em>.</em></span> <span class='ocrx_word' id='word_1_15' title='bbox 104 713 245 769; x_wconf 84' lang='lat' dir='ltr'>tellectus</span> <span class='ocrx_word' id='word_1_16' title='bbox 270 729 333 786; x_wconf 90' lang='lat' dir='ltr'>quo</span> <span class='ocrx_word' id='word_1_17' title='bbox 360 711 534 786; x_wconf 81' lang='lat' dir='ltr'>judicamus</span> <span class='ocrx_word' id='word_1_18' title='bbox 557 712 674 786; x_wconf 84' lang='lat' dir='ltr'>aliquid</span> <span class='ocrx_word' id='word_1_19' title='bbox 704 713 795 769; x_wconf 88' lang='lat' dir='ltr'>nolis</span> 
     </span>
     <span class='ocr_line' id='line_1_6' title="bbox 102 792 794 875; baseline -0.002 -26"><span class='ocrx_word' id='word_1_20' title='bbox 102 792 256 875; x_wconf 86' lang='lat' dir='ltr'>agendum</span> <span class='ocrx_word' id='word_1_21' title='bbox 274 793 319 848; x_wconf 88' lang='lat' dir='ltr'>vel</span> <span class='ocrx_word' id='word_1_22' title='bbox 334 792 423 850; x_wconf 88' lang='lat' dir='ltr'>omitt</span> <span class='ocrx_word' id='word_1_23' title='bbox 413 795 539 850; x_wconf 81' lang='lat' dir='ltr'>tendum</span> <span class='ocrx_word' id='word_1_24' title='bbox 554 812 619 851; x_wconf 86' lang='lat' dir='ltr'>esse</span> <span class='ocrx_word' id='word_1_25' title='bbox 634 794 679 850; x_wconf 86' lang='lat' dir='ltr'>vel</span> <span class='ocrx_word' id='word_1_26' title='bbox 693 793 794 863; x_wconf 74' lang='lat' dir='ltr'>fuisse,</span> 
     </span>
     <span class='ocr_line' id='line_1_7' title="bbox 100 873 584 948; baseline 0.004 -20"><span class='ocrx_word' id='word_1_27' title='bbox 100 882 249 948; x_wconf 83' lang='lat' dir='ltr'><strong>tanquam</strong></span> <span class='ocrx_word' id='word_1_28' title='bbox 264 873 382 930; x_wconf 89' lang='lat' dir='ltr'>bonum</span> <span class='ocrx_word' id='word_1_29' title='bbox 398 875 444 930; x_wconf 86' lang='lat' dir='ltr'>vel</span> <span class='ocrx_word' id='word_1_30' title='bbox 461 875 584 931; x_wconf 87' lang='lat' dir='ltr'>malum.</span> 
     </span>
    </p>
   </div>
   <div class='ocr_carea' id='block_1_6' title="bbox 98 1005 968 1324">
    <p class='ocr_par' dir='ltr' id='par_1_6' title="bbox 98 1005 968 1324">
     <span class='ocr_line' id='line_1_8' title="bbox 143 1005 968 1082; baseline -0.001 -19.98"><span class='ocrx_word' id='word_1_31' title='bbox 143 1022 183 1080; x_wconf 87' lang='lat'>25.</span> <span class='ocrx_word' id='word_1_32' title='bbox 210 1005 343 1063; x_wconf 84' lang='lat' dir='ltr'>Ratione</span> <span class='ocrx_word' id='word_1_33' title='bbox 375 1007 420 1063; x_wconf 88' lang='lat' dir='ltr'>sui</span> <span class='ocrx_word' id='word_1_34' title='bbox 456 1005 571 1082; x_wconf 85' lang='lat' dir='ltr'>objecti</span> <span class='ocrx_word' id='word_1_35' title='bbox 551 1005 796 1064; x_wconf 83' lang='lat' dir='ltr'>tconscientia</span> <span class='ocrx_word' id='word_1_36' title='bbox 838 1013 968 1062; x_wconf 68' lang='lat' dir='ltr'>llataet&#39;</span> 
     </span>
     <span class='ocr_line' id='line_1_9' title="bbox 102 1085 945 1178; baseline 0 -36"><span class='ocrx_word' id='word_1_37' title='bbox 102 1085 217 1142; x_wconf 85' lang='lat' dir='ltr'>dicitur</span> <span class='ocrx_word' id='word_1_38' title='bbox 231 1094 309 1143; x_wconf 81' lang='lat' dir='ltr'>recta</span> <span class='ocrx_word' id='word_1_39' title='bbox 324 1089 370 1143; x_wconf 90' lang='lat' dir='ltr'>vel</span> <span class='ocrx_word' id='word_1_40' title='bbox 385 1107 505 1144; x_wconf 77' lang='lat' dir='ltr'>erronea</span> <span class='ocrx_word' id='word_1_41' title='bbox 525 1098 616 1178; x_wconf 84' lang='lat' dir='ltr'>prout</span> <span class='ocrx_word' id='word_1_42' title='bbox 606 1086 702 1144; x_wconf 83' lang='lat' dir='ltr'>tdict</span> <span class='ocrx_word' id='word_1_43' title='bbox 693 1099 794 1144; x_wconf 80' lang='lat' dir='ltr'>tamen</span> <span class='ocrx_word' id='word_1_44' title='bbox 836 1100 945 1132; x_wconf 72' lang='lat' dir='ltr'>aranea.</span> 
     </span>
     <span class='ocr_line' id='line_1_10' title="bbox 100 1166 794 1252; baseline 0.001 -29"><span class='ocrx_word' id='word_1_45' title='bbox 100 1178 187 1241; x_wconf 82' lang='lat' dir='ltr'>praet</span> <span class='ocrx_word' id='word_1_46' title='bbox 192 1166 272 1224; x_wconf 86' lang='lat' dir='ltr'>icum</span> <span class='ocrx_word' id='word_1_47' title='bbox 301 1166 429 1225; x_wconf 87' lang='lat' dir='ltr'>rationis</span> <span class='ocrx_word' id='word_1_48' title='bbox 459 1186 497 1225; x_wconf 84' lang='lat' dir='ltr'>ex</span> <span class='ocrx_word' id='word_1_49' title='bbox 533 1167 687 1252; x_wconf 83' lang='lat' dir='ltr'>principio</span> <span class='ocrx_word' id='word_1_50' title='bbox 722 1189 755 1224; x_wconf 86' lang='lat' dir='ltr'>v</span> <span class='ocrx_word' id='word_1_51' title='bbox 742 1185 794 1224; x_wconf 85' lang='lat' dir='ltr'>ro</span> 
     </span>
     <span class='ocr_line' id='line_1_11' title="bbox 98 1246 434 1324; baseline 0.009 -20"><span class='ocrx_word' id='word_1_52' title='bbox 98 1246 265 1324; x_wconf 85' lang='lat' dir='ltr'>colligitur</span> <span class='ocrx_word' id='word_1_53' title='bbox 284 1249 331 1305; x_wconf 92' lang='lat' dir='ltr'>vel</span> <span class='ocrx_word' id='word_1_54' title='bbox 346 1249 434 1307; x_wconf 86' lang='lat' dir='ltr'>falso</span> 
     </span>
    </p>
   </div>
   <div class='ocr_carea' id='block_1_7' title="bbox 101 1379 796 2099">
    <p class='ocr_par' dir='ltr' id='par_1_7' title="bbox 101 1379 796 1761">
     <span class='ocr_line' id='line_1_12' title="bbox 142 1379 795 1450; baseline -0.008 -10"><span class='ocrx_word' id='word_1_55' title='bbox 142 1387 185 1440; x_wconf 87' lang='lat'>26.</span> <span class='ocrx_word' id='word_1_56' title='bbox 213 1381 413 1440; x_wconf 83' lang='lat' dir='ltr'>Conscientia</span> <span class='ocrx_word' id='word_1_57' title='bbox 428 1393 490 1439; x_wconf 89' lang='lat' dir='ltr'>tum</span> <span class='ocrx_word' id='word_1_58' title='bbox 511 1393 601 1450; x_wconf 86' lang='lat' dir='ltr'>recta,</span> <span class='ocrx_word' id='word_1_59' title='bbox 619 1393 680 1438; x_wconf 86' lang='lat' dir='ltr'>tum</span> <span class='ocrx_word' id='word_1_60' title='bbox 698 1379 795 1436; x_wconf 87' lang='lat' dir='ltr'>invin-</span> 
     </span>
     <span class='ocr_line' id='line_1_13' title="bbox 102 1461 796 1537; baseline -0.004 -17"><span class='ocrx_word' id='word_1_61' title='bbox 102 1461 235 1521; x_wconf 83' lang='lat' dir='ltr'>cibiliter</span> <span class='ocrx_word' id='word_1_62' title='bbox 257 1479 385 1528; x_wconf 80' lang='lat' dir='ltr'>erronea</span> <span class='ocrx_word' id='word_1_63' title='bbox 399 1465 568 1537; x_wconf 69' lang='lat' dir='ltr'>praecipiens</span> <span class='ocrx_word' id='word_1_64' title='bbox 583 1474 633 1519; x_wconf 90' lang='lat' dir='ltr'>aut</span> <span class='ocrx_word' id='word_1_65' title='bbox 641 1463 796 1536; x_wconf 67' lang='lat' dir='ltr'>prohibens</span> 
     </span>
     <span class='ocr_line' id='line_1_14' title="bbox 102 1541 794 1616; baseline -0.003 -16"><span class='ocrx_word' id='word_1_66' title='bbox 102 1555 148 1600; x_wconf 86' lang='lat' dir='ltr'>est</span> <span class='ocrx_word' id='word_1_67' title='bbox 164 1561 284 1616; x_wconf 86' lang='lat' dir='ltr'><strong>semper</strong></span> <span class='ocrx_word' id='word_1_68' title='bbox 305 1543 480 1616; x_wconf 85' lang='lat' dir='ltr'>sequenda:</span> <span class='ocrx_word' id='word_1_69' title='bbox 498 1562 567 1600; x_wconf 82' lang='lat' dir='ltr'>narn</span> <span class='ocrx_word' id='word_1_70' title='bbox 581 1558 706 1616; x_wconf 84' lang='lat' dir='ltr'>utraque</span> <span class='ocrx_word' id='word_1_71' title='bbox 719 1541 794 1598; x_wconf 85' lang='lat' dir='ltr'>divi-</span> 
     </span>
     <span class='ocr_line' id='line_1_15' title="bbox 101 1621 792 1698; baseline -0.001 -18"><span class='ocrx_word' id='word_1_72' title='bbox 101 1643 174 1680; x_wconf 86' lang='lat' dir='ltr'>nam</span> <span class='ocrx_word' id='word_1_73' title='bbox 187 1621 361 1679; x_wconf 81' lang='lat' dir='ltr'>manisestat</span> <span class='ocrx_word' id='word_1_74' title='bbox 373 1626 573 1694; x_wconf 87' lang='lat' dir='ltr'>voluntatem,</span> <span class='ocrx_word' id='word_1_75' title='bbox 587 1623 671 1698; x_wconf 83' lang='lat' dir='ltr'>prior</span> <span class='ocrx_word' id='word_1_76' title='bbox 684 1641 792 1695; x_wconf 79' lang='lat' dir='ltr'>veram,</span> 
     </span>
     <span class='ocr_line' id='line_1_16' title="bbox 103 1699 437 1774; baseline 0 -14"><span class='ocrx_word' id='word_1_77' title='bbox 103 1703 198 1761; x_wconf 85' lang='lat' dir='ltr'>altera</span> <span class='ocrx_word' id='word_1_78' title='bbox 219 1699 437 1774; x_wconf 55' lang='lat' dir='ltr'>existimatam</span> 
     </span>
    </p>

    <p class='ocr_par' dir='ltr' id='par_1_8' title="bbox 102 1781 795 2099">
     <span class='ocr_line' id='line_1_17' title="bbox 144 1781 794 1842; baseline -0.002 -2"><span class='ocrx_word' id='word_1_79' title='bbox 144 1782 346 1842; x_wconf 79' lang='lat' dir='ltr'>Conscientia</span> <span class='ocrx_word' id='word_1_80' title='bbox 375 1801 447 1840; x_wconf 85' lang='lat' dir='ltr'>vero</span> <span class='ocrx_word' id='word_1_81' title='bbox 473 1781 657 1839; x_wconf 79' lang='lat' dir='ltr'>invincibilit</span> <span class='ocrx_word' id='word_1_82' title='bbox 648 1794 691 1838; x_wconf 85' lang='lat' dir='ltr'>ter</span> <span class='ocrx_word' id='word_1_83' title='bbox 714 1800 794 1840; x_wconf 83' lang='lat' dir='ltr'>erro·</span> 
     </span>
     <span class='ocr_line' id='line_1_18' title="bbox 102 1861 793 1938; baseline -0.004 -16"><span class='ocrx_word' id='word_1_84' title='bbox 102 1883 161 1922; x_wconf 86' lang='lat' dir='ltr'>nea</span> <span class='ocrx_word' id='word_1_85' title='bbox 167 1865 335 1938; x_wconf 70' lang='lat' dir='ltr'>permittens</span> <span class='ocrx_word' id='word_1_86' title='bbox 356 1863 394 1920; x_wconf 89' lang='lat' dir='ltr'>ab</span> <span class='ocrx_word' id='word_1_87' title='bbox 416 1861 502 1921; x_wconf 89' lang='lat' dir='ltr'>omni</span> <span class='ocrx_word' id='word_1_88' title='bbox 518 1875 625 1938; x_wconf 84' lang='lat' dir='ltr'>peccat</span> <span class='ocrx_word' id='word_1_89' title='bbox 629 1881 648 1921; x_wconf 96' lang='lat' dir='ltr'>o</span> <span class='ocrx_word' id='word_1_90' title='bbox 665 1862 793 1920; x_wconf 81' lang='lat' dir='ltr'>eximit:</span> 
     </span>
     <span class='ocr_line' id='line_1_19' title="bbox 102 1942 795 2020; baseline 0 -19"><span class='ocrx_word' id='word_1_91' title='bbox 102 1963 196 2020; x_wconf 83' lang='lat' dir='ltr'>agens</span> <span class='ocrx_word' id='word_1_92' title='bbox 213 1943 294 2000; x_wconf 87' lang='lat' dir='ltr'>euim</span> <span class='ocrx_word' id='word_1_93' title='bbox 312 1963 375 2000; x_wconf 91' lang='lat' dir='ltr'>non</span> <span class='ocrx_word' id='word_1_94' title='bbox 392 1953 500 2018; x_wconf 82' lang='lat' dir='ltr'>peccat</span> <span class='ocrx_word' id='word_1_95' title='bbox 524 1942 548 2000; x_wconf 90' lang='lat' dir='ltr'>si</span> <span class='ocrx_word' id='word_1_96' title='bbox 575 1955 678 1999; x_wconf 85' lang='lat' dir='ltr'>actum</span> <span class='ocrx_word' id='word_1_97' title='bbox 700 1955 795 2017; x_wconf 79' lang='lat' dir='ltr'>ponat</span> 
     </span>
     <span class='ocr_line' id='line_1_20' title="bbox 103 2023 795 2099; baseline -0.001 -18"><span class='ocrx_word' id='word_1_98' title='bbox 103 2043 193 2099; x_wconf 81' lang='lat' dir='ltr'>quern</span> <span class='ocrx_word' id='word_1_99' title='bbox 206 2023 432 2098; x_wconf 80' lang='lat' dir='ltr'>inculpabiliter</span> <span class='ocrx_word' id='word_1_100' title='bbox 444 2034 549 2080; x_wconf 86' lang='lat' dir='ltr'>censet</span> <span class='ocrx_word' id='word_1_101' title='bbox 564 2041 628 2080; x_wconf 90' lang='lat' dir='ltr'>non</span> <span class='ocrx_word' id='word_1_102' title='bbox 646 2043 711 2080; x_wconf 85' lang='lat' dir='ltr'>esse</span> <span class='ocrx_word' id='word_1_103' title='bbox 727 2042 795 2098; x_wconf 84' lang='lat' dir='ltr'>pro</span> 
     </span>
    </p>
   </div>
   <div class='ocr_carea' id='block_1_8' title="bbox 102 2104 242 2162">
    <p class='ocr_par' dir='ltr' id='par_1_9' title="bbox 102 2104 242 2162">
     <span class='ocr_line' id='line_1_21' title="bbox 102 2104 242 2162; baseline -0.015 0"><span class='ocrx_word' id='word_1_104' title='bbox 102 2104 180 2162; x_wconf 91' lang='lat' dir='ltr'>hibit</span> <span class='ocrx_word' id='word_1_105' title='bbox 169 2117 242 2162; x_wconf 80' lang='lat' dir='ltr'>utin.</span> 
     </span>
    </p>
   </div>
   <div class='ocr_carea' id='block_1_9' title="bbox 143 2193 967 2302">
    <p class='ocr_par' dir='ltr' id='par_1_10' title="bbox 143 2193 967 2302">
     <span class='ocr_line' id='line_1_22' title="bbox 143 2193 967 2302; baseline 0 -18"><span class='ocrx_word' id='word_1_106' title='bbox 143 2247 182 2302; x_wconf 87' lang='lat'>27</span> <span class='ocrx_word' id='word_1_107' title='bbox 200 2227 331 2302; x_wconf 81' lang='lat' dir='ltr'>Subject&#39;</span> <span class='ocrx_word' id='word_1_108' title='bbox 326 2247 371 2285; x_wconf 83' lang='lat' dir='ltr'>ive</span> <span class='ocrx_word' id='word_1_109' title='bbox 385 2227 590 2299; x_wconf 83' lang='lat' dir='ltr'>considerata</span> <span class='ocrx_word' id='word_1_110' title='bbox 603 2225 796 2284; x_wconf 80' lang='lat' dir='ltr'>conscientia</span> <span class='ocrx_word' id='word_1_111' title='bbox 811 2193 967 2295; x_wconf 55' lang='lat' dir='ltr'>sulpicium.</span> 
     </span>
    </p>
   </div>
   <div class='ocr_carea' id='block_1_10' title="bbox 102 2308 796 2862">
    <p class='ocr_par' dir='ltr' id='par_1_11' title="bbox 102 2308 796 2848">
     <span class='ocr_line' id='line_1_23' title="bbox 103 2308 796 2398; baseline -0.003 -32"><span class='ocrx_word' id='word_1_112' title='bbox 103 2321 297 2398; x_wconf 75' lang='lat' dir='ltr'>nuncupatur</span> <span class='ocrx_word' id='word_1_113' title='bbox 318 2316 403 2378; x_wconf 81' lang='lat' dir='ltr'>certa</span> <span class='ocrx_word' id='word_1_114' title='bbox 420 2308 445 2366; x_wconf 93' lang='lat' dir='ltr'>si</span> <span class='ocrx_word' id='word_1_115' title='bbox 466 2308 584 2384; x_wconf 79' lang='lat' dir='ltr'>judicet</span> <span class='ocrx_word' id='word_1_116' title='bbox 604 2309 718 2382; x_wconf 85' lang='lat' dir='ltr'>absque</span> <span class='ocrx_word' id='word_1_117' title='bbox 737 2309 796 2364; x_wconf 89' lang='lat' dir='ltr'>ulla</span> 
     </span>
     <span class='ocr_line' id='line_1_24' title="bbox 102 2383 710 2463; baseline -0.004 -18"><span class='ocrx_word' id='word_1_118' title='bbox 102 2383 223 2446; x_wconf 81' lang='lat' dir='ltr'>errandi</span> <span class='ocrx_word' id='word_1_119' title='bbox 240 2389 404 2446; x_wconf 80' lang='lat' dir='ltr'>formidine</span> <span class='ocrx_word' id='word_1_120' title='bbox 427 2391 484 2447; x_wconf 89' lang='lat' dir='ltr'>salt</span> <span class='ocrx_word' id='word_1_121' title='bbox 474 2405 534 2446; x_wconf 87' lang='lat' dir='ltr'>tem</span> <span class='ocrx_word' id='word_1_122' title='bbox 555 2387 710 2463; x_wconf 84' lang='lat' dir='ltr'>prudenti;</span> 
     </span>
     <span class='ocr_line' id='line_1_25' title="bbox 144 2465 796 2541; baseline -0.003 -17"><span class='ocrx_word' id='word_1_123' title='bbox 144 2469 314 2538; x_wconf 80' lang='lat' dir='ltr'>Probubzlz&#39;s,</span> <span class='ocrx_word' id='word_1_124' title='bbox 348 2469 372 2526; x_wconf 92' lang='lat' dir='ltr'>si</span> <span class='ocrx_word' id='word_1_125' title='bbox 402 2469 548 2526; x_wconf 86' lang='lat' dir='ltr'>assentiat</span> <span class='ocrx_word' id='word_1_126' title='bbox 570 2485 622 2524; x_wconf 88' lang='lat' dir='ltr'>mo</span> <span class='ocrx_word' id='word_1_127' title='bbox 626 2480 688 2525; x_wconf 83' lang='lat' dir='ltr'>no</span> <span class='ocrx_word' id='word_1_128' title='bbox 713 2465 796 2541; x_wconf 83' lang='lat' dir='ltr'>gravi</span> 
     </span>
     <span class='ocr_line' id='line_1_26' title="bbox 187 2545 796 2608; baseline -0.01 0"><span class='ocrx_word' id='word_1_129' title='bbox 187 2548 319 2608; x_wconf 72' lang='lat' dir='ltr'>adeuti</span> <span class='ocrx_word' id='word_1_130' title='bbox 313 2548 420 2606; x_wconf 81' lang='lat' dir='ltr'>innixa</span> <span class='ocrx_word' id='word_1_131' title='bbox 442 2549 581 2606; x_wconf 85' lang='lat' dir='ltr'>sednon</span> <span class='ocrx_word' id='word_1_132' title='bbox 605 2547 670 2604; x_wconf 86' lang='lat' dir='ltr'>sine</span> <span class='ocrx_word' id='word_1_133' title='bbox 693 2545 796 2604; x_wconf 86' lang='lat' dir='ltr'>sormi·</span> 
     </span>
     <span class='ocr_line' id='line_1_27' title="bbox 192 2629 326 2718; baseline -0.017 -31"><span class='ocrx_word' id='word_1_134' title='bbox 192 2629 326 2718; x_wconf 75' lang='lat' dir='ltr'>errandi3</span> 
     </span>
     <span class='ocr_line' id='line_1_28' title="bbox 224 2695 796 2781; baseline -0.007 -16"><span class='ocrx_word' id='word_1_135' title='bbox 224 2695 297 2779; x_wconf 83' lang='lat' dir='ltr'>lexa</span> <span class='ocrx_word' id='word_1_136' title='bbox 311 2708 336 2766; x_wconf 89' lang='lat' dir='ltr'>si</span> <span class='ocrx_word' id='word_1_137' title='bbox 352 2727 438 2766; x_wconf 86' lang='lat' dir='ltr'>mens</span> <span class='ocrx_word' id='word_1_138' title='bbox 454 2707 532 2765; x_wconf 85' lang='lat' dir='ltr'>inter</span> <span class='ocrx_word' id='word_1_139' title='bbox 554 2706 630 2763; x_wconf 88' lang='lat' dir='ltr'>duas</span> <span class='ocrx_word' id='word_1_140' title='bbox 648 2707 729 2781; x_wconf 81' lang='lat' dir='ltr'>leges</span> <span class='ocrx_word' id='word_1_141' title='bbox 746 2724 796 2761; x_wconf 90' lang='lat' dir='ltr'>an-</span> 
     </span>
     <span class='ocr_line' id='line_1_29' title="bbox 205 2797 318 2862; baseline -0.022 -13.756"><span class='ocrx_word' id='word_1_142' title='bbox 205 2797 318 2862; x_wconf 55' lang='lat' dir='ltr'>weieat;</span> 
     </span>
    </p>
   </div>
   <div class='ocr_carea' id='block_1_11' title="bbox 0 0 1090 3174">
    <p class='ocr_par' dir='ltr' id='par_1_12' title="bbox 0 0 1090 3174">
     <span class='ocr_line' id='line_1_30' title="bbox 0 0 1090 3174; baseline 0 0"><span class='ocrx_word' id='word_1_143' title='bbox 0 0 1090 3174; x_wconf 95' lang='lat' dir='ltr'> </span> 
     </span>
    </p>
   </div>
  </div>
 </body>
</html>
