2172 3174
303 187 318 234 6
434 201 746 237 nnotsounsua.—rcrus
765 201 871 236 nunant

343 325 424 382 Hinc
451 326 586 385 maxima
609 326 769 402 requiritur
797 328 835 385 ad
864 346 994 386 noscen-

299 405 372 462 dum
390 407 488 464 Deum
505 427 606 464 verum
623 426 785 482 veramque
798 407 995 484 religionem;

339 487 372 544 ln
400 486 516 563 legibus
543 499 643 546 autem
669 488 886 547 communibus
913 507 995 552 mere

298 565 439 640 positivis
456 568 632 642 regulariter
642 568 681 624 ab
697 567 782 625 omni
800 571 889 643 culpa
901 587 994 626 excu-

299 658 345 702 sat
364 645 538 721 ignorantia
554 648 644 706 etiam
662 667 866 722 consequens,
893 649 990 706 modo

298 724 329 782 in
346 725 531 800 inquirendo
544 729 583 785 de
599 728 673 804 legis
686 729 849 786 existentia
861 728 989 803 diligen-

299 805 340 862 tia
356 808 463 863 saltem
480 809 646 866 mediocris
663 809 750 866 fuerit
765 808 916 878 adhibita;

339 886 432 957 Quod
450 907 521 946 vero
545 889 583 945 ad
608 908 734 962 poenam
761 889 877 958 attinet,
902 889 990 964 iguo·

298 965 394 1022 rantia
419 965 498 1024 illius
523 967 674 1043 quaelibet,
698 969 722 1026 si
749 969 828 1026 forte
854 968 991 1043 excipias

297 1063 430 1103 crassam
459 1059 509 1104 aut
541 1050 729 1117 affectatam,
760 1048 991 1123 delinquentem

300 1140 435 1197 excusat,
461 1146 524 1186 non
549 1145 621 1186 sane
642 1147 768 1202 apoena
791 1147 859 1202 quae
885 1147 923 1188 ex
949 1128 990 1186 rei

297 1218 403 1264 natura
429 1207 546 1266 delicto
572 1208 807 1284 proportionata
830 1220 874 1265 est
900 1217 991 1282 atque

296 1285 407 1356 debita,
424 1289 477 1345 sed
494 1290 531 1346 ab
545 1288 597 1345 illa
613 1308 707 1363 poena
723 1307 813 1362 quam
830 1288 988 1363 legislator

296 1365 389 1440 priori
417 1365 594 1443 superaddit
609 1369 647 1426 ad
670 1368 871 1426 deterrendos
893 1367 991 1425 delin-

298 1459 433 1520 quentes.

128 1571 270 1620 ltconcu-
336 1589 374 1643 13.
398 1570 660 1643 Concupiscentia
682 1582 726 1628 est
749 1583 851 1630 motus
875 1571 989 1648 appeti·

134 1644 261 1707 piscantia.
295 1661 341 1706 tus
377 1650 522 1717 sensitivi,
560 1669 621 1725 quo
656 1653 797 1709 voluntas
829 1655 922 1709 fertur
950 1653 989 1710 ad

186 1749 190 1756 ·
294 1730 413 1788 bouum
429 1730 596 1788 sensibile:

335 1812 446 1866 Actum
473 1829 565 1886 porro
588 1811 627 1868 ad
650 1829 739 1886 quem
761 1810 899 1886 impellit,
924 1831 988 1870 non

293 1889 532 1948 involuntarium
557 1892 611 1948 sed
637 1891 739 1966 potius
763 1891 858 1966 magis
880 1893 989 1949 volun·

294 1968 401 2027 tarium
425 1970 534 2043 reddit,
558 1972 745 2028 antecedens
769 1973 893 2046 quidem
914 1972 988 2029 effe·

294 2049 381 2120 ctive‚
399 2067 594 2126 consequeus
610 2064 710 2109 autem
731 2052 932 2123 notificative;

334 2130 475 2188 Liberum
505 2144 614 2202 autem,
644 2134 750 2189 saltem
781 2132 811 2188 in
838 2151 868 2188 re
897 2132 986 2204 mala,

294 2208 403 2267 minuit
419 2222 447 2267 et
463 2210 615 2269 interdum
631 2211 761 2270 omnino
779 2212 859 2269 tollit
873 2227 878 2267 :
892 2210 987 2268 efficit

294 2289 375 2346 enim
391 2303 422 2346 ut
438 2290 611 2348 intellectus
627 2291 722 2366 magis
744 2292 876 2348 aestimet
898 2290 989 2348 ratio-

198 2404 202 2417 ·
294 2389 348 2427 nes
380 2371 642 2446 concupiscentiae
677 2373 812 2428 faventes
846 2382 875 2428 et
914 2371 989 2428 alias

294 2449 434 2526 negligat,
462 2469 500 2509 ex
526 2471 588 2526 quo
611 2451 801 2508 imminuitur
821 2453 867 2508 vel
894 2451 986 2508 etiam

293 2529 461 2604 aliquoties.
474 2533 590 2588 tollitur
606 2545 688 2588 recta
704 2531 887 2589 deliberatio
904 2550 952 2588 me

294 2609 331 2666 tis
347 2610 428 2667 circa
444 2630 530 2667 suum
549 2613 716 2686 objectum.

120 2726 166 2774 [ΙΙ.
188 2725 278 2776 Metus.
334 2745 373 2794 14.
397 2727 496 2782 Metus
529 2737 575 2784 est
608 2725 720 2783 mentis
754 2725 918 2801 trepidatio
945 2743 962 2785 e

292 2802 410 2862 instans
427 2807 473 2862 vel
490 2807 621 2864 futurum
637 2806 827 2882 periculum:
