2172 3174
51 1155 54 1168 ⁸
86 1171 87 1178 ’
111 1185 141 1232 4.
165 1172 275 1256 lfrivile-

153 1258 239 1308 grans.
277 1305 278 1308 Ἴ

294 195 327 240 26
481 208 797 244 rnornsousur.—nrcrs

294 332 364 392 dem
397 334 573 395 necessario
602 334 735 406 illicitus
762 334 816 392 sed
843 335 890 392 vel
915 333 985 409 ipso

293 413 375 472 facto
401 413 562 486 invalidus
585 417 631 473 vel
654 433 708 491 per
726 413 839 491 judicis
864 425 986 473 senten·

292 491 365 550 tiam
383 493 608 554 invalidandus.
664 567 666 576 Ι
968 557 970 564 ,

332 574 396 632 Lex
422 586 524 634 autern
546 579 605 652 ipso
621 577 710 648 sacto
730 573 850 632 irritans
873 593 926 650 per
952 593 984 632 se

292 671 411 729 semper
437 665 539 713 actum
570 655 730 729 invalidat,
746 654 823 712 -si
849 653 986 730 excipias

291 742 355 790 turn
378 754 482 793 casnm
509 735 700 794 necessitatis
721 735 784 794 sive
797 734 984 814 vcommu-nis

291 813 355 871 sive
390 815 481 874 etiam
509 815 709 892 probabiliter
736 814 984 890 particularis-

291 903 354 952 turn
377 915 481 954 casum
506 896 688 972 ignorantiae
716 893 905 952 invincibilis
931 893 983 954 ubi

291 973 389 1049 agitur
403 976 442 1033 de
455 978 522 1052 lege
545 996 612 1052 quae
628 977 718 1034 unice
734 975 764 1034 in
778 994 906 1051 poenam
932 975 985 1031 de·

291 1053 355 1112 licti
378 1057 439 1114 lata
461 1067 514 1117 est.

301 1242 304 1248 Ι
331 1189 372 1244 73.
397 1171 590 1248 Privileginm
613 1183 658 1230 est
678 1170 763 1246 quasi
789 1172 839 1228 lex
855 1168 982 1246 privata,

289 1250 474 1310 beneficium
504 1253 683 1311 concedens
712 1249 982 1327 particulare-ac

289 1330 421 1404 proinde
437 1332 604 1406 prohibens
625 1332 790 1408 quominus
800 1329 984 1406 ''privilegia-

290 1421 336 1468 tus
349 1409 379 1468 in
396 1411 477 1470 illius
490 1431 545 1472 usu
558 1434 575 1471 a
590 1413 708 1472 caeteris
723 1411 929 1487 perturbetur:

331 1490 451 1550 Dicitur
474 1501 575 1550 contra
596 1495 681 1568 legem
707 1491 832 1566 quando
849 1489 908 1566 legi
931 1490 982 1548 ad·

290 1582 436 1646 versatur;
462 1591 559 1646 secus,
582 1581 692 1648 praeter
716 1571 983 1646 legem-favora-

291 1651 357 1722 bile,
383 1653 509 1725 quando
534 1653 576 1710 ita
611 1654 747 1728 savorem
787 1649 927 1708 continet
955 1660 986 1708 ut

289 1730 405 1788 nemini
421 1744 547 1804 noceat;
563 1752 660 1805 secus,
681 1751 826 1788 onerosum
842 1752 850 1788 :

329 1811 490 1888 Privilegia
502 1825 611 1888 praeter
625 1815 723 1888 legem
749 1821 779 1868 et
800 1809 982 1868 favorabilia

289 1892 403 1967 largam
425 1892 708 1969 interpretationem
728 1891 906 1960 admittunt;
923 1889 983 1948 alia

289 1989 381 2043 vero,v
397 1972 541 2046 strictam,
568 1973 639 2049 quia
668 1973 714 2029 vel
740 1973 839 2047 legem
862 1971 909 2028 vel
932 1971 980 2045 jus

219 2118 220 2121 Ἴ
289 2051 367 2109 tertii
391 2054 558 2111 vulnerant.
605 2093 606 2098 κ

329 2176 372 2232 74.
397 2158 457 2232 Qui
473 2162 571 2236 legem
594 2161 730 2218 condere
750 2167 860 2234 potest,
877 2166 981 2232 potest

289 2256 413 2315 quoque
426 2251 455 2297 et
468 2241 591 2315 quidem
604 2242 689 2298 solus
704 2237 893 2314 privilegium
906 2253 982 2294 con·

288 2319 406 2392 cedere,
422 2331 531 2379 contra
545 2323 643 2397 legem
659 2319 721 2378 suis
743 2330 860 2376 tanturn
876 2315 981 2387 subdi·

288 2397 326 2456 tis
343 2400 393 2472 qui
409 2402 475 2477 leg'e
494 2413 654 2467 arctantur,
671 2410 779 2475 praeter
793 2401 891 2474 legem
907 2413 980 2454 vero

288 2477 379 2537 etiam
402 2499 467 2540 non
491 2481 643 2539 subditis:

328 2561 435 2619 Nullus
460 2573 570 2633 autern,
591 2581 644 2638 per
669 2579 701 2623 se
722 2561 837 2630 saltem,
861 2567 940 2614 tene¹

289 2639 331 2696 uti
358 2640 518 2719 privilegio
548 2639 740 2718 singulariter
769 2635 936 2715 personali;

289 2720 343 2777 sed
368 2721 529 2800 privilegio
557 2720 716 2782 communi
742 2721 842 2778 nullus
871 2735 933 2776 ren=

288 2797 362 2858 tiare
378 2806 466 2864 valet.
