<?xml version="1.0" encoding="UTF-8"?>
<!DOCTYPE html PUBLIC "-//W3C//DTD XHTML 1.0 Transitional//EN"
    "http://www.w3.org/TR/xhtml1/DTD/xhtml1-transitional.dtd">
<html xmlns="http://www.w3.org/1999/xhtml" xml:lang="en" lang="en">
 <head>
  <title>
</title>
<meta http-equiv="Content-Type" content="text/html;charset=utf-8" />
  <meta name='ocr-system' content='tesseract 3.04.00' />
  <meta name='ocr-capabilities' content='ocr_page ocr_carea ocr_par ocr_line ocrx_word'/>
</head>
<body>
  <div class='ocr_page' id='page_1' title='image "assertamoralia00mathgoog_0070.png"; bbox 0 0 2172 3174; ppageno 0'>
   <div class='ocr_carea' id='block_1_1' title="bbox 300 183 933 245">
    <p class='ocr_par' dir='ltr' id='par_1_1' title="bbox 300 183 933 245">
     <span class='ocr_line' id='line_1_1' title="bbox 300 183 933 245; baseline -0.002 -13"><span class='ocrx_word' id='word_1_1' title='bbox 300 183 333 245; x_wconf 84' lang='lat'>58</span> <span class='ocrx_word' id='word_1_2' title='bbox 371 195 604 231; x_wconf 70' lang='lat' dir='ltr'>ornem-norun</span> <span class='ocrx_word' id='word_1_3' title='bbox 623 195 747 230; x_wconf 72' lang='lat' dir='ltr'>necisum</span> <span class='ocrx_word' id='word_1_4' title='bbox 767 195 933 231; x_wconf 68' lang='lat' dir='ltr'>cancarrus.</span> 
     </span>
    </p>
   </div>
   <div class='ocr_carea' id='block_1_2' title="bbox 121 319 1028 1455">
    <p class='ocr_par' dir='ltr' id='par_1_2' title="bbox 299 319 1028 714">
     <span class='ocr_line' id='line_1_2' title="bbox 339 319 992 398; baseline -0.003 -18"><span class='ocrx_word' id='word_1_5' title='bbox 339 323 404 398; x_wconf 89' lang='lat' dir='ltr'>Jam</span> <span class='ocrx_word' id='word_1_6' title='bbox 416 332 614 398; x_wconf 88' lang='lat' dir='ltr'>vero,praeter</span> <span class='ocrx_word' id='word_1_7' title='bbox 625 319 808 398; x_wconf 84' lang='lat' dir='ltr'>pollutionis</span> <span class='ocrx_word' id='word_1_8' title='bbox 820 332 992 398; x_wconf 85' lang='lat' dir='ltr'>peccatum,</span> 
     </span>
     <span class='ocr_line' id='line_1_3' title="bbox 300 401 1028 478; baseline 0.003 -16"><span class='ocrx_word' id='word_1_9' title='bbox 300 401 453 474; x_wconf 85' lang='lat' dir='ltr'>sodomia,</span> <span class='ocrx_word' id='word_1_10' title='bbox 469 415 533 460; x_wconf 91' lang='lat' dir='ltr'>tum</span> <span class='ocrx_word' id='word_1_11' title='bbox 545 403 749 478; x_wconf 79' lang='lat' dir='ltr'>propriarum</span> <span class='ocrx_word' id='word_1_12' title='bbox 765 404 859 460; x_wconf 85' lang='lat' dir='ltr'>minus</span> <span class='ocrx_word' id='word_1_13' title='bbox 865 403 993 478; x_wconf 79' lang='lat' dir='ltr'>propria</span> <span class='ocrx_word' id='word_1_14' title='bbox 1024 457 1028 464; x_wconf 84' lang='lat'>.</span> 
     </span>
     <span class='ocr_line' id='line_1_4' title="bbox 301 480 992 560; baseline -0.001 -19"><span class='ocrx_word' id='word_1_15' title='bbox 301 492 528 553; x_wconf 88' lang='lat' dir='ltr'>consummata,</span> <span class='ocrx_word' id='word_1_16' title='bbox 564 480 712 540; x_wconf 88' lang='lat' dir='ltr'>malitiam</span> <span class='ocrx_word' id='word_1_17' title='bbox 743 481 834 540; x_wconf 90' lang='lat' dir='ltr'>aliam</span> <span class='ocrx_word' id='word_1_18' title='bbox 869 499 992 560; x_wconf 85' lang='lat' dir='ltr'>gravem</span> 
     </span>
     <span class='ocr_line' id='line_1_5' title="bbox 299 561 992 622; baseline 0 -2"><span class='ocrx_word' id='word_1_19' title='bbox 299 561 429 621; x_wconf 85' lang='lat' dir='ltr'>involvit</span> <span class='ocrx_word' id='word_1_20' title='bbox 444 579 483 620; x_wconf 85' lang='lat' dir='ltr'>ex</span> <span class='ocrx_word' id='word_1_21' title='bbox 503 561 682 621; x_wconf 89' lang='lat' dir='ltr'>inordinato</span> <span class='ocrx_word' id='word_1_22' title='bbox 698 563 810 622; x_wconf 81' lang='lat' dir='ltr'>aflectu</span> <span class='ocrx_word' id='word_1_23' title='bbox 826 562 865 620; x_wconf 89' lang='lat' dir='ltr'>ad</span> <span class='ocrx_word' id='word_1_24' title='bbox 881 579 992 620; x_wconf 85' lang='lat' dir='ltr'>sexum</span> 
     </span>
     <span class='ocr_line' id='line_1_6' title="bbox 299 641 485 714; baseline -0.005 -14"><span class='ocrx_word' id='word_1_25' title='bbox 299 641 485 714; x_wconf 89' lang='lat' dir='ltr'>indebitum;</span> 
     </span>
    </p>

    <p class='ocr_par' dir='ltr' id='par_1_3' title="bbox 299 720 1028 953">
     <span class='ocr_line' id='line_1_7' title="bbox 339 720 990 798; baseline 0 -18"><span class='ocrx_word' id='word_1_26' title='bbox 339 722 399 798; x_wconf 78' lang='lat' dir='ltr'>sed</span> <span class='ocrx_word' id='word_1_27' title='bbox 412 721 478 797; x_wconf 89' lang='lat' dir='ltr'>ipsa</span> <span class='ocrx_word' id='word_1_28' title='bbox 489 720 635 781; x_wconf 86' lang='lat' dir='ltr'>sodomia</span> <span class='ocrx_word' id='word_1_29' title='bbox 645 723 811 798; x_wconf 76' lang='lat' dir='ltr'>impropria,</span> <span class='ocrx_word' id='word_1_30' title='bbox 822 720 912 780; x_wconf 90' lang='lat' dir='ltr'>etiam</span> <span class='ocrx_word' id='word_1_31' title='bbox 925 739 990 780; x_wconf 93' lang='lat' dir='ltr'>non</span> 
     </span>
     <span class='ocr_line' id='line_1_8' title="bbox 299 801 1028 878; baseline -0.001 -18"><span class='ocrx_word' id='word_1_32' title='bbox 299 813 522 873; x_wconf 88' lang='lat' dir='ltr'>consummata,</span> <span class='ocrx_word' id='word_1_33' title='bbox 550 820 670 878; x_wconf 87' lang='lat' dir='ltr'><strong>semper</strong></span> <span class='ocrx_word' id='word_1_34' title='bbox 691 801 830 861; x_wconf 89' lang='lat' dir='ltr'>mortalis</span> <span class='ocrx_word' id='word_1_35' title='bbox 853 801 916 873; x_wconf 83' lang='lat' dir='ltr'>erit,</span> <span class='ocrx_word' id='word_1_36' title='bbox 946 821 991 860; x_wconf 89' lang='lat' dir='ltr'>ra·</span> <span class='ocrx_word' id='word_1_37' title='bbox 1025 825 1028 834; x_wconf 61' lang='lat'><strong>¹</strong></span> 
     </span>
     <span class='ocr_line' id='line_1_9' title="bbox 299 880 991 953; baseline 0.004 -14"><span class='ocrx_word' id='word_1_38' title='bbox 299 880 385 941; x_wconf 91' lang='lat' dir='ltr'>tione</span> <span class='ocrx_word' id='word_1_39' title='bbox 414 900 456 940; x_wconf 90' lang='lat' dir='ltr'>sc.</span> <span class='ocrx_word' id='word_1_40' title='bbox 488 883 616 940; x_wconf 80' lang='lat' dir='ltr'>affectus</span> <span class='ocrx_word' id='word_1_41' title='bbox 651 881 690 940; x_wconf 93' lang='lat' dir='ltr'>ad</span> <span class='ocrx_word' id='word_1_42' title='bbox 724 901 776 941; x_wconf 89' lang='lat' dir='ltr'>vas</span> <span class='ocrx_word' id='word_1_43' title='bbox 805 880 991 953; x_wconf 86' lang='lat' dir='ltr'>indebitum,</span> 
     </span>
    </p>

    <p class='ocr_par' dir='ltr' id='par_1_4' title="bbox 121 960 992 1455">
     <span class='ocr_line' id='line_1_10' title="bbox 252 960 992 1038; baseline 0.001 -19"><span class='ocrx_word' id='word_1_44' title='bbox 252 1033 255 1038; x_wconf 25' lang='grc' dir='ltr'>Ι</span> <span class='ocrx_word' id='word_1_45' title='bbox 301 960 518 1020; x_wconf 86' lang='lat' dir='ltr'>delectationis</span> <span class='ocrx_word' id='word_1_46' title='bbox 533 979 670 1021; x_wconf 87' lang='lat' dir='ltr'>venereae</span> <span class='ocrx_word' id='word_1_47' title='bbox 690 972 720 1019; x_wconf 89' lang='lat' dir='ltr'>et</span> <span class='ocrx_word' id='word_1_48' title='bbox 740 961 923 1038; x_wconf 80' lang='lat' dir='ltr'>pollutionis</span> <span class='ocrx_word' id='word_1_49' title='bbox 943 963 992 1020; x_wconf 90' lang='lat' dir='ltr'>vel</span> 
     </span>
     <span class='ocr_line' id='line_1_11' title="bbox 298 1040 794 1118; baseline 0 -18"><span class='ocrx_word' id='word_1_50' title='bbox 298 1043 405 1100; x_wconf 89' lang='lat' dir='ltr'>saltem</span> <span class='ocrx_word' id='word_1_51' title='bbox 421 1043 484 1117; x_wconf 87' lang='lat' dir='ltr'>ejus</span> <span class='ocrx_word' id='word_1_52' title='bbox 508 1040 634 1118; x_wconf 88' lang='lat' dir='ltr'>periculi</span> <span class='ocrx_word' id='word_1_53' title='bbox 649 1041 794 1118; x_wconf 78' lang='lat' dir='ltr'>proximi:</span> 
     </span>
     <span class='ocr_line' id='line_1_12' title="bbox 121 1138 991 1216; baseline -0.002 -17"><span class='ocrx_word' id='word_1_54' title='bbox 121 1147 283 1199; x_wconf 44' lang='lat' dir='ltr'>aasentias.</span> <span class='ocrx_word' id='word_1_55' title='bbox 338 1143 397 1216; x_wconf 86' lang='lat'>158.</span> <span class='ocrx_word' id='word_1_56' title='bbox 421 1140 588 1196; x_wconf 79' lang='lat' dir='ltr'>Bestialitas</span> <span class='ocrx_word' id='word_1_57' title='bbox 609 1149 655 1196; x_wconf 86' lang='lat' dir='ltr'>est</span> <span class='ocrx_word' id='word_1_58' title='bbox 669 1138 854 1198; x_wconf 87' lang='lat' dir='ltr'>concubitus</span> <span class='ocrx_word' id='word_1_59' title='bbox 869 1138 923 1198; x_wconf 93' lang='lat' dir='ltr'>viri</span> <span class='ocrx_word' id='word_1_60' title='bbox 939 1149 991 1197; x_wconf 89' lang='lat' dir='ltr'>aut</span> 
     </span>
     <span class='ocr_line' id='line_1_13' title="bbox 298 1218 987 1295; baseline 0.001 -19"><span class='ocrx_word' id='word_1_61' title='bbox 298 1219 433 1278; x_wconf 87' lang='lat' dir='ltr'>mulieris</span> <span class='ocrx_word' id='word_1_62' title='bbox 464 1239 534 1277; x_wconf 90' lang='lat' dir='ltr'>curn</span> <span class='ocrx_word' id='word_1_63' title='bbox 555 1218 796 1294; x_wconf 74' lang='lat' dir='ltr'>bestia—atque</span> <span class='ocrx_word' id='word_1_64' title='bbox 821 1218 987 1295; x_wconf 83' lang='lat' dir='ltr'>specialem</span> 
     </span>
     <span class='ocr_line' id='line_1_14' title="bbox 298 1297 988 1390; baseline 0.001 -34"><span class='ocrx_word' id='word_1_65' title='bbox 298 1297 444 1390; x_wconf 81' lang='lat' dir='ltr'>importat</span> <span class='ocrx_word' id='word_1_66' title='bbox 471 1297 699 1358; x_wconf 85' lang='lat' dir='ltr'>deformitatem</span> <span class='ocrx_word' id='word_1_67' title='bbox 726 1318 764 1357; x_wconf 89' lang='lat' dir='ltr'>ex</span> <span class='ocrx_word' id='word_1_68' title='bbox 794 1317 923 1358; x_wconf 90' lang='lat' dir='ltr'>accessu</span> <span class='ocrx_word' id='word_1_69' title='bbox 947 1299 988 1357; x_wconf 92' lang='lat' dir='ltr'>ad</span> 
     </span>
     <span class='ocr_line' id='line_1_15' title="bbox 299 1379 609 1455; baseline -0.01 -17"><span class='ocrx_word' id='word_1_70' title='bbox 299 1379 434 1455; x_wconf 82' lang='lat' dir='ltr'>speciem</span> <span class='ocrx_word' id='word_1_71' title='bbox 447 1379 609 1437; x_wconf 89' lang='lat' dir='ltr'>diversam.</span> 
     </span>
    </p>
   </div>
   <div class='ocr_carea' id='block_1_3' title="bbox 134 1476 989 1792">
    <p class='ocr_par' dir='ltr' id='par_1_5' title="bbox 134 1476 989 1792">
     <span class='ocr_line' id='line_1_16' title="bbox 134 1476 989 1553; baseline 0 -17"><span class='ocrx_word' id='word_1_72' title='bbox 134 1484 275 1536; x_wconf 26' lang='lat' dir='ltr'>rffcongres</span> <span class='ocrx_word' id='word_1_73' title='bbox 337 1494 396 1553; x_wconf 87' lang='lat'>159</span> <span class='ocrx_word' id='word_1_74' title='bbox 422 1477 613 1553; x_wconf 86' lang='lat' dir='ltr'>Congressus</span> <span class='ocrx_word' id='word_1_75' title='bbox 639 1495 709 1534; x_wconf 91' lang='lat' dir='ltr'>cum</span> <span class='ocrx_word' id='word_1_76' title='bbox 738 1476 894 1550; x_wconf 88' lang='lat' dir='ltr'>daemone,</span> <span class='ocrx_word' id='word_1_77' title='bbox 924 1476 989 1536; x_wconf 90' lang='lat' dir='ltr'>sive</span> 
     </span>
     <span class='ocr_line' id='line_1_17' title="bbox 149 1550 988 1634; baseline 0.002 -20"><span class='ocrx_word' id='word_1_78' title='bbox 149 1550 259 1632; x_wconf 58' lang='lat' dir='ltr'>{ffiss</span> <span class='ocrx_word' id='word_1_79' title='bbox 299 1555 454 1616; x_wconf 90' lang='lat' dir='ltr'>incubo</span> <span class='ocrx_word' id='word_1_80' title='bbox 432 1575 494 1614; x_wconf 87' lang='lat' dir='ltr'>srve</span> <span class='ocrx_word' id='word_1_81' title='bbox 509 1557 656 1628; x_wconf 85' lang='lat' dir='ltr'>succub0,</span> <span class='ocrx_word' id='word_1_82' title='bbox 680 1556 845 1632; x_wconf 86' lang='lat' dir='ltr'>specialem</span> <span class='ocrx_word' id='word_1_83' title='bbox 867 1576 929 1634; x_wconf 84' lang='lat' dir='ltr'>prae</span> <span class='ocrx_word' id='word_1_84' title='bbox 954 1577 988 1616; x_wconf 90' lang='lat' dir='ltr'>se</span> 
     </span>
     <span class='ocr_line' id='line_1_18' title="bbox 298 1635 989 1713; baseline 0.003 -19"><span class='ocrx_word' id='word_1_85' title='bbox 298 1637 354 1695; x_wconf 83' lang='lat' dir='ltr'>fert</span> <span class='ocrx_word' id='word_1_86' title='bbox 375 1635 522 1694; x_wconf 90' lang='lat' dir='ltr'>malitiam</span> <span class='ocrx_word' id='word_1_87' title='bbox 538 1647 648 1695; x_wconf 91' lang='lat' dir='ltr'>contra</span> <span class='ocrx_word' id='word_1_88' title='bbox 661 1636 852 1713; x_wconf 87' lang='lat' dir='ltr'>religionem,</span> <span class='ocrx_word' id='word_1_89' title='bbox 869 1637 989 1696; x_wconf 90' lang='lat' dir='ltr'>ratione</span> 
     </span>
     <span class='ocr_line' id='line_1_19' title="bbox 298 1715 988 1792; baseline 0.003 -17"><span class='ocrx_word' id='word_1_90' title='bbox 298 1715 455 1776; x_wconf 88' lang='lat' dir='ltr'>societatis</span> <span class='ocrx_word' id='word_1_91' title='bbox 488 1715 674 1792; x_wconf 86' lang='lat' dir='ltr'>nefandique</span> <span class='ocrx_word' id='word_1_92' title='bbox 707 1717 888 1776; x_wconf 88' lang='lat' dir='ltr'>commercii</span> <span class='ocrx_word' id='word_1_93' title='bbox 917 1737 988 1777; x_wconf 90' lang='lat' dir='ltr'>cum</span> 
     </span>
    </p>
   </div>
   <div class='ocr_carea' id='block_1_4' title="bbox 189 1795 912 1888">
    <p class='ocr_par' dir='ltr' id='par_1_6' title="bbox 189 1795 912 1888">
     <span class='ocr_line' id='line_1_20' title="bbox 189 1795 912 1888; baseline 0.004 -35"><span class='ocrx_word' id='word_1_94' title='bbox 189 1847 216 1888; x_wconf 35' lang='grc' dir='ltr'>ΠΙ</span> <span class='ocrx_word' id='word_1_95' title='bbox 297 1795 488 1872; x_wconf 91' lang='lat' dir='ltr'>nequissimo</span> <span class='ocrx_word' id='word_1_96' title='bbox 505 1797 561 1854; x_wconf 91' lang='lat' dir='ltr'>Dei</span> <span class='ocrx_word' id='word_1_97' title='bbox 577 1807 607 1854; x_wconf 92' lang='lat' dir='ltr'>et</span> <span class='ocrx_word' id='word_1_98' title='bbox 621 1796 758 1855; x_wconf 90' lang='lat' dir='ltr'>hominis</span> <span class='ocrx_word' id='word_1_99' title='bbox 773 1797 912 1856; x_wconf 77' lang='lat' dir='ltr'>inimico,</span> 
     </span>
    </p>
   </div>
   <div class='ocr_carea' id='block_1_5' title="bbox 113 1972 989 2851">
    <p class='ocr_par' dir='ltr' id='par_1_7' title="bbox 113 1972 989 2292">
     <span class='ocr_line' id='line_1_21' title="bbox 149 1972 987 2051; baseline 0.004 -20"><span class='ocrx_word' id='word_1_100' title='bbox 149 1974 251 2026; x_wconf 80' lang='lat' dir='ltr'><em>Nonum</em></span> <span class='ocrx_word' id='word_1_101' title='bbox 297 1985 382 2033; x_wconf 87' lang='lat' dir='ltr'>extra</span> <span class='ocrx_word' id='word_1_102' title='bbox 407 1972 636 2032; x_wconf 86' lang='lat' dir='ltr'>matrimonium</span> <span class='ocrx_word' id='word_1_103' title='bbox 651 1994 669 2031; x_wconf 90' lang='lat' dir='ltr'>a</span> <span class='ocrx_word' id='word_1_104' title='bbox 683 1973 805 2032; x_wconf 90' lang='lat' dir='ltr'>mortali</span> <span class='ocrx_word' id='word_1_105' title='bbox 828 1995 987 2051; x_wconf 87' lang='lat' dir='ltr'>nunquam</span> 
     </span>
     <span class='ocr_line' id='line_1_22' title="bbox 113 2052 989 2116; baseline 0.003 -4"><span class='ocrx_word' id='word_1_106' title='bbox 113 2054 274 2113; x_wconf 64' lang='lat' dir='ltr'><em>W‘Ptum</em></span> <span class='ocrx_word' id='word_1_107' title='bbox 297 2052 436 2112; x_wconf 88' lang='lat' dir='ltr'>excusari</span> <span class='ocrx_word' id='word_1_108' title='bbox 459 2055 559 2112; x_wconf 89' lang='lat' dir='ltr'>valet:</span> <span class='ocrx_word' id='word_1_109' title='bbox 581 2053 694 2112; x_wconf 91' lang='lat' dir='ltr'>etenim</span> <span class='ocrx_word' id='word_1_110' title='bbox 716 2053 747 2112; x_wconf 92' lang='lat' dir='ltr'>in</span> <span class='ocrx_word' id='word_1_111' title='bbox 763 2075 799 2112; x_wconf 86' lang='lat' dir='ltr'>ea</span> <span class='ocrx_word' id='word_1_112' title='bbox 814 2073 878 2114; x_wconf 90' lang='lat' dir='ltr'>non</span> <span class='ocrx_word' id='word_1_113' title='bbox 898 2056 989 2116; x_wconf 88' lang='lat' dir='ltr'>datur</span> 
     </span>
     <span class='ocr_line' id='line_1_23' title="bbox 123 2132 988 2209; baseline 0.005 -18"><span class='ocrx_word' id='word_1_114' title='bbox 123 2147 143 2184; x_wconf 87' lang='lat'>1</span> <span class='ocrx_word' id='word_1_115' title='bbox 157 2133 282 2184; x_wconf 77' lang='lat' dir='ltr'>Delecta-</span> <span class='ocrx_word' id='word_1_116' title='bbox 297 2133 431 2192; x_wconf 88' lang='lat' dir='ltr'>materiae</span> <span class='ocrx_word' id='word_1_117' title='bbox 445 2132 585 2209; x_wconf 87' lang='lat' dir='ltr'>parvitas,</span> <span class='ocrx_word' id='word_1_118' title='bbox 609 2152 667 2192; x_wconf 90' lang='lat' dir='ltr'>nec</span> <span class='ocrx_word' id='word_1_119' title='bbox 692 2133 764 2194; x_wconf 90' lang='lat' dir='ltr'>ideo</span> <span class='ocrx_word' id='word_1_120' title='bbox 780 2137 846 2193; x_wconf 89' lang='lat' dir='ltr'>leve</span> <span class='ocrx_word' id='word_1_121' title='bbox 868 2146 934 2194; x_wconf 89' lang='lat' dir='ltr'>tant</span> <span class='ocrx_word' id='word_1_122' title='bbox 923 2147 988 2195; x_wconf 88' lang='lat' dir='ltr'>tum</span> 
     </span>
     <span class='ocr_line' id='line_1_24' title="bbox 119 2204 987 2292; baseline 0.005 -21.019"><span class='ocrx_word' id='word_1_123' title='bbox 119 2204 280 2255; x_wconf 80' lang='lat' dir='ltr'>novenerea</span> <span class='ocrx_word' id='word_1_124' title='bbox 295 2224 458 2290; x_wconf 89' lang='lat' dir='ltr'>peccatum</span> <span class='ocrx_word' id='word_1_125' title='bbox 477 2212 536 2271; x_wconf 93' lang='lat' dir='ltr'>nisi</span> <span class='ocrx_word' id='word_1_126' title='bbox 559 2214 637 2272; x_wconf 86' lang='lat' dir='ltr'>forte</span> <span class='ocrx_word' id='word_1_127' title='bbox 657 2227 783 2292; x_wconf 92' lang='lat' dir='ltr'>propter</span> <span class='ocrx_word' id='word_1_128' title='bbox 803 2213 987 2275; x_wconf 85' lang='lat' dir='ltr'>indirectam</span> 
     </span>
    </p>

    <p class='ocr_par' dir='ltr' id='par_1_8' title="bbox 295 2292 987 2849">
     <span class='ocr_line' id='line_1_25' title="bbox 296 2292 987 2371; baseline 0.007 -21"><span class='ocrx_word' id='word_1_129' title='bbox 296 2293 488 2366; x_wconf 90' lang='lat' dir='ltr'>volitionem</span> <span class='ocrx_word' id='word_1_130' title='bbox 511 2292 574 2351; x_wconf 92' lang='lat' dir='ltr'>sive</span> <span class='ocrx_word' id='word_1_131' title='bbox 600 2294 766 2353; x_wconf 89' lang='lat' dir='ltr'>delectatio</span> <span class='ocrx_word' id='word_1_132' title='bbox 792 2295 923 2355; x_wconf 90' lang='lat' dir='ltr'>carnalis</span> <span class='ocrx_word' id='word_1_133' title='bbox 939 2297 987 2371; x_wconf 89' lang='lat' dir='ltr'>sit,</span> 
     </span>
     <span class='ocr_line' id='line_1_26' title="bbox 296 2372 988 2452; baseline 0.006 -20"><span class='ocrx_word' id='word_1_134' title='bbox 296 2372 467 2450; x_wconf 88' lang='lat' dir='ltr'>importans</span> <span class='ocrx_word' id='word_1_135' title='bbox 497 2375 604 2432; x_wconf 89' lang='lat' dir='ltr'>saltem</span> <span class='ocrx_word' id='word_1_136' title='bbox 633 2373 812 2433; x_wconf 89' lang='lat' dir='ltr'>inchoatam</span> <span class='ocrx_word' id='word_1_137' title='bbox 840 2377 988 2452; x_wconf 91' lang='lat' dir='ltr'>pollutio·</span> 
     </span>
     <span class='ocr_line' id='line_1_27' title="bbox 296 2451 988 2530; baseline 0.007 -19"><span class='ocrx_word' id='word_1_138' title='bbox 296 2472 375 2526; x_wconf 89' lang='lat' dir='ltr'>nem,</span> <span class='ocrx_word' id='word_1_139' title='bbox 391 2453 454 2512; x_wconf 88' lang='lat' dir='ltr'>sive</span> <span class='ocrx_word' id='word_1_140' title='bbox 467 2451 558 2511; x_wconf 88' lang='lat' dir='ltr'>etiam</span> <span class='ocrx_word' id='word_1_141' title='bbox 571 2452 743 2530; x_wconf 89' lang='lat' dir='ltr'>spiritualis,</span> <span class='ocrx_word' id='word_1_142' title='bbox 757 2473 825 2530; x_wconf 89' lang='lat' dir='ltr'>quae</span> <span class='ocrx_word' id='word_1_143' title='bbox 840 2467 886 2514; x_wconf 90' lang='lat' dir='ltr'>est</span> <span class='ocrx_word' id='word_1_144' title='bbox 901 2475 988 2516; x_wconf 89' lang='lat' dir='ltr'>com·</span> 
     </span>
     <span class='ocr_line' id='line_1_28' title="bbox 295 2532 942 2612; baseline 0.006 -22"><span class='ocrx_word' id='word_1_145' title='bbox 295 2532 450 2608; x_wconf 88' lang='lat' dir='ltr'>placentia</span> <span class='ocrx_word' id='word_1_146' title='bbox 464 2533 503 2590; x_wconf 91' lang='lat' dir='ltr'>de</span> <span class='ocrx_word' id='word_1_147' title='bbox 519 2534 645 2610; x_wconf 88' lang='lat' dir='ltr'>objecto</span> <span class='ocrx_word' id='word_1_148' title='bbox 662 2535 783 2593; x_wconf 90' lang='lat' dir='ltr'>mortali</span> <span class='ocrx_word' id='word_1_149' title='bbox 799 2546 942 2612; x_wconf 74' lang='lat' dir='ltr'>atquem</span> 
     </span>
     <span class='ocr_line' id='line_1_29' title="bbox 296 2611 937 2690; baseline 0.009 -20"><span class='ocrx_word' id='word_1_150' title='bbox 296 2615 392 2671; x_wconf 89' lang='lat' dir='ltr'>semel</span> <span class='ocrx_word' id='word_1_151' title='bbox 406 2611 573 2672; x_wconf 87' lang='lat' dir='ltr'>deliberate</span> <span class='ocrx_word' id='word_1_152' title='bbox 588 2613 676 2672; x_wconf 84' lang='lat' dir='ltr'>fuerit</span> <span class='ocrx_word' id='word_1_153' title='bbox 691 2614 819 2690; x_wconf 85' lang='lat' dir='ltr'>quaesita</span> <span class='ocrx_word' id='word_1_154' title='bbox 838 2618 884 2674; x_wconf 91' lang='lat' dir='ltr'>vel</span> <span class='ocrx_word' id='word_1_155' title='bbox 900 2636 937 2676; x_wconf 86' lang='lat' dir='ltr'>ac</span> 
     </span>
     <span class='ocr_line' id='line_1_30' title="bbox 295 2693 934 2784; baseline 0.008 -33"><span class='ocrx_word' id='word_1_156' title='bbox 295 2703 392 2784; x_wconf 88' lang='lat' dir='ltr'>ptata</span> <span class='ocrx_word' id='word_1_157' title='bbox 421 2712 511 2770; x_wconf 85' lang='lat' dir='ltr'>grave</span> <span class='ocrx_word' id='word_1_158' title='bbox 540 2711 659 2770; x_wconf 89' lang='lat' dir='ltr'>semper</span> <span class='ocrx_word' id='word_1_159' title='bbox 677 2693 797 2753; x_wconf 89' lang='lat' dir='ltr'>inducit</span> <span class='ocrx_word' id='word_1_160' title='bbox 787 2696 934 2777; x_wconf 89' lang='lat' dir='ltr'>tpericul</span> 
     </span>
     <span class='ocr_line' id='line_1_31' title="bbox 296 2772 781 2851; baseline 0.006 -21"><span class='ocrx_word' id='word_1_161' title='bbox 296 2773 390 2849; x_wconf 90' lang='lat' dir='ltr'>ipsius</span> <span class='ocrx_word' id='word_1_162' title='bbox 406 2772 536 2832; x_wconf 90' lang='lat' dir='ltr'>carnalis</span> <span class='ocrx_word' id='word_1_163' title='bbox 552 2773 781 2851; x_wconf 85' lang='lat' dir='ltr'>delectationis;</span> 
     </span>
    </p>
   </div>
   <div class='ocr_carea' id='block_1_6' title="bbox 0 0 1090 3174">
    <p class='ocr_par' dir='ltr' id='par_1_9' title="bbox 0 0 1090 3174">
     <span class='ocr_line' id='line_1_32' title="bbox 0 0 1090 3174; baseline 0 1"><span class='ocrx_word' id='word_1_164' title='bbox 0 0 1090 3174; x_wconf 95' lang='lat' dir='ltr'> </span> 
     </span>
    </p>
   </div>
   <div class='ocr_carea' id='block_1_7' title="bbox 142 1894 1082 1954">
    <p class='ocr_par' dir='ltr' id='par_1_10' title="bbox 142 1894 1082 1954">
     <span class='ocr_line' id='line_1_33' title="bbox 142 1894 1082 1954; baseline 0.007 -5"><span class='ocrx_word' id='word_1_165' title='bbox 142 1901 267 1943; x_wconf 65' lang='lat' dir='ltr'>Isauras:</span> <span class='ocrx_word' id='word_1_166' title='bbox 336 1897 398 1952; x_wconf 88' lang='lat'>160.</span> <span class='ocrx_word' id='word_1_167' title='bbox 423 1894 582 1951; x_wconf 77' lang='lat' dir='ltr'>Delectatio</span> <span class='ocrx_word' id='word_1_168' title='bbox 598 1913 717 1952; x_wconf 84' lang='lat' dir='ltr'>morosa</span> <span class='ocrx_word' id='word_1_169' title='bbox 742 1895 833 1953; x_wconf 91' lang='lat' dir='ltr'>dere</span> <span class='ocrx_word' id='word_1_170' title='bbox 858 1913 990 1954; x_wconf 89' lang='lat' dir='ltr'>venerea</span> <span class='ocrx_word' id='word_1_171' title='bbox 1077 1941 1082 1950; x_wconf 81' lang='lat'><em>,</em></span> 
     </span>
    </p>
   </div>
  </div>
 </body>
</html>
