2172 3174
276 193 409 238 oaJscrun,
429 193 577 238 sustcruu.
753 190 779 239 17

83 319 160 376 boni
176 317 362 389 communis,
391 320 436 376 vel
463 330 562 376 stante
587 317 779 394 obligatione

86 398 167 457 circa
182 400 246 456 hoc
262 399 355 456 libere
372 410 525 474 suscepta,

123 482 220 536 Actus
236 479 360 536 demum
376 498 458 537 mere
473 479 613 538 internos
636 478 779 538 Ecclesia

83 569 114 617 et
136 559 292 616 interdum
308 559 446 634 praecipit
467 571 496 616 et
521 562 589 617 sola
613 560 778 635 praecipere

83 649 195 716 potest,
224 639 372 714 quoniam
387 639 430 696 illi
452 639 511 698 soli
532 635 603 697 'data
629 651 674 697 cst
693 652 777 714 pote-

85 730 145 777 stas
162 719 270 778 omnia
282 719 397 795 ligandi
414 719 492 778 sicut
508 733 537 777 et
553 720 704 779 solvendi.

120 871 173 924 40.
206 851 279 927 Legi
312 851 441 909 naturali
474 865 622 927 perpetuo
658 852 778 927 subjici·
801 859 943 923 3⁰.Subje-

83 943 128 991 tur
148 934 257 990 saltem
280 931 311 989 in
327 945 396 990 actu
423 933 523 1006 primo
554 945 583 989 et
605 933 779 990 radicaliter
838 939 916 982 ctum.

83 1013 212 1088 quilibet
251 1013 468 1088 hom03—legi
505 1014 647 1070 humanae
684 1015 952 1070 &ianm-Generatim·

81 1091 302 1152 ecclesiasticae
317 1095 402 1151 solus
417 1093 566 1166 subditus,
583 1093 710 1151 rationis
726 1095 777 1151 ha·

80 1173 237 1231 bitualiter
248 1191 381 1247 compos
396 1183 425 1230 et
436 1173 637 1250 probabiliter
652 1176 777 1250 expleto

1 1322 3 1328 y
82 1265 200 1311 tanturn
221 1253 395 1328 septennio

119 1398 161 1466 4¹.
186 1377 332 1448 Clericus
349 1377 420 1435 licet
436 1399 453 1435 a
467 1379 617 1471 principe
622 1379 704 1437 civili
717 1399 776 1437 nec
792 1415 811 1440 2
823 1400 951 1450 speciatim.

0 1507 1 1512 ,
82 1476 153 1533 cogi
171 1475 229 1515 nec
251 1457 350 1547 puniri
376 1469 475 1549 queat
456 1459 567 1516 tad
560 1461 655 1535 ipsius
677 1462 776 1536 legem
818 1472 927 1514 Clericus

81 1535 282 1596 servandam
276 1557 307 1595 rn
323 1537 519 1597 conscientia
532 1541 649 1616 obligat
652 1560 692 1613 ur,
710 1553 773 1598 turn

1 1637 2 1640 ¹
81 1636 120 1676 ex
140 1619 205 1692 jure
232 1617 361 1676 naturali
394 1622 570 1694 postulante
597 1633 628 1679 ut
656 1590 776 1697 siigula

83 1699 281 1756 membrat
234 1708 281 1757 tot
283 1697 291 1755 i
308 1700 542 1758 conformentur
562 1701 695 1778 corpori,
712 1713 775 1759 tum

82 1797 119 1836 ex
150 1777 245 1836 tacita
277 1769 425 1838 Ecclesiae
454 1781 687 1872 approbatione,
715 1781 775 1839 nisi

82 1859 159 1917 forte
192 1860 243 1917 lex
264 1857 317 1916 illa
342 1858 526 1918 immunitati
553 1862 773 1921 ecclesiasticae

81 1937 183 2030 adhuc
218 1938 332 2015 vigenti
369 1952 525 2017 repugnet,
562 1945 610 2000 vel
640 1942 774 2001 clericali

82 2030 181 2077 statut.

118 2165 162 2215 42.
187 2143 340 2220 Peregrini
357 2157 386 2203 et
402 2145 469 2222 vagi
492 2158 633 2206 tenentur
657 2147 774 2223 legibus
799 2171 940 2223 Peregrinus,

79 2223 150 2297 juris
183 2223 359 2282 communis
388 2225 558 2302 vigentibus
583 2227 613 2284 in
641 2229 715 2286 loco
742 2226 773 2284 in

84 2321 144 2378 quo
159 2315 325 2376 versantur,
343 2304 462 2363 etiarnsi
487 2306 517 2364 in
544 2306 658 2381 proprii
675 2306 774 2364 dorni-

81 2383 141 2441 cilii
158 2385 205 2442 vel
221 2383 350 2460 originis
376 2387 450 2444 loco
475 2387 621 2462 per-legis
646 2388 774 2462 abroga-

81 2463 197 2523 tionem
226 2475 277 2522 aut
298 2483 352 2540 per
372 2465 562 2542 privilegium
592 2466 773 2525 territoriale

20 2545 23 2554 '
145 2554 268 2616 nantur;

149 2625 189 2696 td,
212 2623 332 2682 etiarnsi
360 2626 437 2682 forte
461 2625 590 2682 abierint
610 2625 715 2684 animo
741 2646 772 2684 se

149 2704 272 2764 lucendi
301 2705 369 2780 legi,
400 2724 464 2763 non
489 2717 630 2764 tenentur
655 2706 772 2782 legibus

141 2784 264 2843 *ialibus
286 2785 331 2842 sui
355 2784 516 2856 domicilii,
534 2786 604 2859 quia
623 2790 685 2862 jam
703 2797 773 2843 sunt

655 2913 665 2936 2
