2172 3174
302 168 337 227 48
358 179 633 216 centurn-»sucurram
648 178 777 212 -bucatoot
796 179 963 215 PRAECEPTUM.

343 309 406 382 Jam
443 323 516 364 vero
548 315 622 363 vota
655 306 760 362 directe
794 303 908 362 irritare
944 325 998 364 seu

234 385 236 392 '
302 388 459 446 annullare
482 397 593 461 potest,
611 397 640 442 et
656 385 780 460 quidem
807 385 908 443 valide
928 404 993 445 non

134 1291 283 1344 Dispensatlo.

129 1959 288 2001 Commutatio,

303 467 385 526 licite
402 467 517 540 absque
534 468 595 522 ulla
610 485 710 538 causa,
734 465 836 524 omnis
858 466 998 542 superior

302 557 456 623 potestate
472 545 664 604 dominativa
679 545 823 620 praeditus
839 543 870 602 in
884 565 996 604 voven·

302 627 341 685 tis
371 629 575 698 voluntatem,
609 645 720 700 nempe
755 627 898 684 Praelatus
931 626 997 684 reli·
1082 669 1083 672 η

303 707 408 784 giosus
435 706 538 780 quoad
566 717 638 764 vota
667 705 875 778 subditorum,
906 717 997 782 atque

302 785 520 863 paterfamilias
544 785 648 861 quoad
671 799 745 844 vota
769 806 787 844 a
814 785 883 844 filiis
899 785 996 862 impu·

302 867 425 924 beribus
442 866 566 938 emissa;

344 946 497 1005 Dominus
531 957 632 1004 autem
666 945 806 1021 quilibet,
839 947 920 1021 justa
953 945 997 1004 ln-

304 1027 482 1084 tercedente
507 1045 608 1098 causa,
638 1029 773 1084 indirecte
799 1026 914 1086 irritare
944 1045 997 1086 seu

303 1107 489 1184 suspendere
507 1109 586 1165 valet
600 1105 793 1165 subditorum
816 1118 889 1166 vota
904 1107 935 1164 in
959 1107 996 1166 iis

304 1205 379 1280 quae·
388 1187 482 1263 ipsius
496 1187 555 1263 juri
570 1188 738 1263 subjacent.

307 1343 309 1346 .
343 1291 401 1359 '134
426 1284 624 1361 Dispensatio
644 1283 708 1343 voti
729 1295 774 1343 est
798 1285 995 1346 condonatio

304 1365 505 1442 obligationis
530 1364 610 1423 illius
632 1364 760 1423 nomine
786 1365 844 1427 Dei
860 1367 941 1424 facta
956 1367 995 1425 ab
1082 1413 1083 1416 ,

303 1464 342 1504 eo
358 1445 410 1521 qui
433 1456 586 1522 potestate
602 1446 714 1521 gaudet
731 1463 737 1504 1

344 1529 440 1584 Porro
464 1547 481 1583 a
505 1525 585 1584 votis
606 1526 798 1584 subditorum
822 1525 999 1602 regulariter

303 1605 480 1682 dispensare
500 1617 631 1681 possunt
656 1625 694 1664 ex
712 1609 791 1682 justa
815 1625 907 1664 causa
932 1605 997 1664 sive
1073 1615 1076 1620 '

303 1686 422 1745 Praelati
448 1685 499 1761 qui
525 1685 711 1744 ordinariam
737 1687 852 1744 habent
873 1685 996 1760 jurisdi·
1082 1737 1083 1758 p

304 1766 449 1836 ctionem,
464 1765 527 1823 sive
542 1765 563 1824 ii
579 1765 688 1840 quibus
704 1767 730 1824 S.
746 1765 889 1824 Pontifex
902 1767 998 1824 talem
1080 1769 1083 1804 ³

304 1846 462 1905 concessit
477 1847 662 1904 facultatem.

343 1960 399 2018 135.
426 1941 636 2000 Commutatio
649 1951 694 1999 est
709 1941 867 2000 translatio
883 1941 998 2018 prioris

303 2021 367 2081 voti
397 2021 428 2080 in
459 2021 683 2098 obligationem
709 2024 834 2079 alteram
857 2023 1000 2082 :—facta

303 2114 403 2162 autem
427 2101 672 2160 commutatione
688 2122 741 2176 per
760 2102 927 2178 legitimam
952 2105 999 2178 ju-

302 2181 525 2254 risdictionem,
538 2182 562 2240 si
575 2182 702 2240 materia
717 2184 870 2258 posterior
885 2183 1000 2242 evadat
1080 2189 1081 2234 ὲ

302 2262 513 2353 impossibilis
527 2266 589 2339 jam
606 2274 706 2320 cessat
727 2263 878 2339 obligatio
902 2262 999 2322 etiam
1078 2325 1080 2352 ί

302 2362 423 2419 prrons.

344 2443 402 2513 136.
419 2438 479 2512 Qui
492 2439 667 2497 facultatem
679 2441 770 2497 habet
783 2441 998 2517 dispensandi,

304 2520 397 2577 habet
432 2530 461 2576 et
494 2520 706 2578 commutandi
740 2521 829 2579 etiam
865 2521 897 2579 in
930 2542 949 2579 rt

304 2599 457 2658 minorem
471 2601 568 2658 modo
582 2603 661 2675 justa
676 2601 756 2658 adsit
778 2620 882 2675 causa;

340 2679 406 2752 ‚Qui
430 2699 502 2739 vero
526 2683 593 2740 sola
608 2682 720 2756 gaudet
734 2693 885 2758 potestate
908 2702 948 2742 co

305 2759 453 2834 mutandi,
479 2773 585 2819 votum
609 2772 723 2819 mutare
749 2762 854 2836 nequit
878 2762 937 2819 nisi
