2172 3174
288 207 318 258 72
344 207 611 244 efficta-sarnum
631 207 753 244 necatum
773 207 938 244 PRAECEPTUH.

331 337 427 393 Porro
441 333 567 392 materia
581 333 680 409 gravis
696 345 838 392 censetur
851 335 981 404 relative,

290 414 314 473 si
331 433 369 473 ex
385 433 416 472 se
438 426 509 490 apta
524 413 562 472 sit
576 415 616 472 ad
639 414 827 472 causandum
839 433 985 491 personae

289 494 429 571 injuriam
452 494 578 571 patienti
607 493 760 553 tristitiam
786 493 912 552 difficile
934 512 981 552 se-

293 575 604 646 dandam—absolute
630 593 711 648 vero,
738 573 763 632 si
792 586 862 650 apta
883 574 921 633 sit
942 574 985 632 ad

291 651 466 715 societatis'
488 655 682 713 securitatem
723 656 893 713 tollendam
933 655 982 712 vel

291 735 373 814 gravi
389 734 527 811 periculo
552 735 790 811 exponendam:

332 816 423 874 Unde
438 815 503 873 fluit
517 813 635 891 injuriae
650 815 828 892 gravitatem
841 813 982 873 determi-

292 895 357 954 nari
370 913 433 955 non
450 914 542 971 posse
554 894 612 953 nisi
625 895 745 972 singula
756 895 987 972 perpendantur

292 977 445 1053 adjuncta,
460 985 523 1033 tum
535 994 676 1051 personae
692 976 831 1034 laedentis
847 987 877 1033 et
891 977 982 1046 laesae,

294 1068 397 1114 -tum
420 1056 494 1133 juris
509 1055 574 1114 laesi
597 1067 649 1114 aut
663 1055 768 1114 damni
792 1055 985 1128 illati—tum

293 1137 380 1196 modi
395 1153 458 1212 quo
480 1135 567 1196 laesio
583 1136 664 1194 facta
678 1148 733 1194 est.

121 1275 278 1340 ltinspecie.
333 1266 393 1336 196.
418 1264 469 1336 Jus
484 1261 618 1338 proximi
644 1261 765 1319 laeditur
776 1280 830 1337 per
844 1260 986 1318 damnifi-

295 1342 450 1401 cationem
473 1353 502 1400 et
525 1343 645 1400 furtum.

122 1466 280 1520 r⁰.Damni-
335 1477 393 1532 197.
416 1459 634 1536 Dammficatio,
657 1469 748 1534 prout
773 1479 790 1516 a
815 1459 895 1517 furto
925 1455 986 1515 dis-

156 1539 253 1590 ficatio.
295 1537 517 1615 tinguitur,‘est
538 1537 621 1596 aetio
646 1537 699 1596 illa
724 1557 783 1614 qua
805 1536 872 1613 quis
898 1536 985 1596 alteri

295 1628 390 1678 nocet
406 1617 478 1692 quin
494 1617 566 1676 inde
581 1617 647 1693 ipse
663 1618 756 1677 ditior
771 1620 901 1678 evadat:

337 1697 485 1756 Malitiam
517 1697 619 1774 speeie
645 1698 794 1757 diversam
829 1693 987 1757 contiahit

296 1797 352 1854 pro
378 1776 470 1836 bonis
495 1778 651 1836 moraliter
666 1777 793 1836 diversis
808 1778 918 1854 quibus
934 1777 984 1835 da·

297 1878 402 1917 mnum
418 1857 551 1931 infertur,
568 1859 707 1932 fortunae,
731 1860 827 1929 famae,
853 1859 922 1917 vitae
938 1859 986 1915 vel

296 1957 415 1998 anrmae.

123 2069 281 2122 2⁰.Furtum.
337 2067 398 2139 198.
423 2063 545 2120 Furtum
567 2073 612 2122 est
634 2062 776 2138 acceptio
798 2062 841 2121 rei
866 2063 986 2135 alienae,

135 2159 269 2223 rrtqtrpet
298 2143 429 2204 domino
445 2143 668 2202 rationabiliter
682 2142 794 2217 invito;

160 2213 247 2256 ΜΝ·
337 2223 496 2298 lnjustitiae
521 2241 615 2300 porro
643 2222 716 2281 reali
742 2223 811 2281 furti
837 2221 987 2299 simplicis

298 2303 510 2381 superadditur
532 2322 614 2362 nova
635 2303 759 2362 malitiae
782 2303 900 2380 speeies
924 2313 988 2361 tum

297 2383 415 2460 injuriae
430 2383 601 2460 personalis
616 2402 669 2460 per
690 2385 831 2459 rapinam,
848 2403 907 2459 qua
922 2382 989 2452 vio·
1083 2451 1084 2460 χ

298 2464 393 2524 lentia
414 2464 540 2523 infertur
563 2463 811 2535 domino-tum
836 2463 989 2540 sacrilegii

298 2563 352 2621 per
364 2546 481 2615 furtum
495 2545 675 2619 sacrilegum,
703 2562 764 2619 quo
792 2545 924 2602 aufertur
943 2563 956 2602 s

299 2643 384 2682 crum
398 2625 436 2682 de
451 2627 526 2683 loco
548 2643 647 2696 sacro,
664 2625 711 2682 vel
726 2643 845 2682 sacrum
861 2626 900 2683 de
912 2627 973 2682 loe,

299 2722 364 2763 non
393 2722 492 2776 sacro,
516 2706 564 2763 vel
588 2723 653 2764 non
679 2723 798 2762 sacrum
829 2705 867 2763 de
898 2723 977 2764 saer<

299 2786 373 2844 loco
390 2785 428 2842 ad
444 2803 534 2860 quem
550 2784 741 2860 aliquatenus
756 2785 936 2861 pertinebat.
