2172 3174
193 211 351 256 ruossano,
373 211 515 256 rtsennxs,
535 211 705 246 scansuross.
771 209 797 258 13

143 331 290 411 Ideoque,
313 338 411 395 modo
437 356 476 395 ex
498 337 554 396 illo
580 335 733 413 principio
753 336 798 394 in·

104 433 261 474 concusso
284 428 366 474 tuarn
391 417 536 476 efformes
560 405 796 488 conscientiam,

18 497 20 500 ’
103 513 224 571 semper
256 496 340 554 licite
361 497 451 572 ‘sequi
487 497 821 574 potesopinionern,¹

103 594 166 634 non
180 576 310 634 tenuiter
322 577 455 650 quidem,
470 579 524 636 sed
538 597 607 636 vere
620 593 649 635 et
662 577 797 654 practice

104 655 306 731 probabilem,
331 657 437 715 relicta
452 657 565 716 tutiore
582 658 673 716 etiam
690 659 797 734 proba·

101 735 234 794 biliore:
258 749 331 794 tunc
358 737 439 795 enirn
468 738 629 814 obligatio,
659 737 798 813 quamvis

102 815 289 892 speculative
318 829 348 875 et
373 817 526 893 objective
552 818 721 894 probabilis
738 838 798 897 ma-

103 909 183 964 neat,
200 897 335 973 practice
351 909 452 956 tamen
474 911 503 956 et
520 899 688 975 subjective
711 912 797 958 certo

103 978 188 1034 nulla
204 989 265 1046 est;

141 1059 210 1115 lmo
226 1056 302 1114 nihil
328 1069 408 1116 vetat
425 1058 591 1132 quominus
613 1059 711 1118 modo
728 1079 795 1130 una,

103 1137 202 1195 modo
226 1138 381 1195 contraria
400 1138 550 1214 opinione
565 1138 718 1214 probabili
734 1151 797 1197 uta-

102 1216 181 1287 ris3-r
200 1218 360 1276 formalem
374 1231 475 1276 tamen
490 1219 565 1294 legis
582 1219 796 1295 transgressio·
861 1241 863 1246 ’

105 1315 176 1354 nem
193 1297 369 1356 necessario
387 1301 488 1368 velles
502 1299 526 1356 si
543 1299 690 1357 ambabus
706 1299 795 1356 simul
815 1366 817 1371 Ι

102 1376 144 1434 uti
161 1379 255 1434 velles
271 1377 441 1450 contrariis,
465 1379 494 1436 in
512 1399 638 1454 quarum
655 1381 796 1438 alterutra

101 1458 151 1515 lex
168 1473 254 1515 cerro
272 1458 411 1516 violatur.

141 1573 181 1628 3¹·
205 1553 265 1627 Qui
291 1554 373 1612 inte?
394 1555 456 1614 duo
477 1568 631 1632 praecepta
647 1558 795 1616 constitu·
829 1565 875 1612 Ill.
891 1566 951 1613 Per·

102 1643 149 1691 tus
165 1653 293 1692 necesse
309 1635 401 1692 babet
416 1647 447 1692 ut
469 1638 645 1694 alterutrum
658 1638 750 1713 eligat
767 1648 796 1695 et
845 1638 929 1700 plara.

101 1714 213 1771 dubius
240 1715 333 1772 haeret
355 1715 514 1790 quodnam
540 1718 652 1775 debeat
674 1717 793 1794 eligere,

101 1796 246 1852 consulat
271 1795 295 1852 si
320 1795 563 1869 possit;-secus
590 1799 683 1873 eligat
709 1799 794 1872 quod

103 1875 295 1949 praestantius
309 1875 579 1948 existimatur;-si
596 1897 668 1936 vero
684 1890 794 1936 utrum·

102 1973 162 2028 que
174 1967 361 2030 praeceptum
378 1975 464 2031 aeque
476 1977 565 2034 grave
578 1957 634 2034 ipsi
649 1958 794 2030 videatur,

1 2053 9 2115 s
101 2033 194 2110 eligat
207 2036 293 2110 quod
306 2035 434 2106 libuerit,
448 2056 506 2094 nec
521 2039 664 2112 pecoabit
676 2055 682 2095 ε
696 2050 795 2096 certus

102 2127 147 2172 est
162 2115 245 2174 enim
260 2119 356 2174 Deum
373 2117 580 2192 impossibilia
595 2137 658 2178 non
680 2120 794 2195 jubere.

139 2251 183 2306 3²·
197 2227 411 2307 Scrupulosus,
425 2233 475 2306 qui
488 2251 526 2290 ex
538 2233 665 2309 proprio
676 2232 794 2309 judicio
819 2240 863 2286 IV.
875 2240 956 2288 Scru-

101 2311 237 2387 incapax
273 2323 318 2370 est
352 2313 548 2370 discernendi
590 2315 793 2371 moralitatem
835 2312 931 2375 pilosa.

101 2391 321 2460 actionissnae,
335 2411 449 2450 caecam
462 2406 605 2467 praestare
618 2394 710 2451 debet
723 2395 795 2452 obe-

100 2470 250 2548 dientiam
278 2472 419 2546 prudenti
446 2473 793 2548 Confessario;--atqne

157 2563 186 2608 te
199 2551 318 2628 operari
331 2564 442 2627 potest,
453 2553 544 2610 etiam
558 2565 700 2612 manente
713 2574 794 2612 scru-

157 2651 187 2702 ο,
204 2631 302 2690 modo
319 2651 387 2690 eum
413 2644 593 2691 contemnat
620 2653 657 2692 ex
673 2634 793 2704 actuali,

153 2711 222 2769 luali
236 2723 286 2770 aut
299 2714 406 2770 saltem
420 2713 565 2772 habituali
576 2713 695 2790 judicio
709 2715 794 2790 quod

157 2793 328 2868 scrupulus;
575 2809 577 2814 ·
