2172 3174
289 209 318 244 10
340 209 648 244 PROLrGorrsNA.-REGULA
663 210 824 244 HUMANORUM
838 209 948 245 ACTUUM.

288 335 344 393 tria
359 336 557 410 requiruntur,
571 355 612 394 sc.
629 335 772 411 praevisio
785 337 846 410 jam
859 334 889 392 in
903 354 978 394 con·

288 417 357 474 fuso
374 419 480 474 saltem
497 417 600 474 habita
616 418 743 474 effectus
759 415 899 485 secuturi,
922 434 978 492 po·

288 507 381 554 testas
404 496 499 554 libera
528 517 650 554 eausam
678 515 742 554 non
769 497 906 571 ponendi
931 497 978 554 vel

287 577 420 652 positam
445 577 610 644 auferendi,
634 589 724 650 atque
749 576 900 657 obligatio
922 575 977 634 im-

287 657 432 732 pediendi
450 657 626 732 hujusmodi
642 659 795 714 effectum.

328 775 367 814 22.
391 756 526 828 Quando
540 774 579 813 ex
595 775 686 812 causa
698 755 789 812 unica
800 753 976 813 necessario

289 835 384 895 oritur
399 837 525 893 effectus
542 835 663 910 duplex,
680 836 781 894 bonus
802 854 887 907 unus
904 837 979 892 alter
1007 879 1013 887 .

288 918 393 986 malus
411 915 539 990 ponenti
556 915 649 973 libere
664 918 754 972 talem
772 935 894 973 causam
911 933 975 973 non

188 1008 193 1020 ¹
287 996 451 1072 imputatur
478 998 574 1054 malus
600 997 736 1068 effectos
758 996 855 1053 modo
876 995 978 1053 adsint

232 1075 233 1086 ¹
289 1087 419 1152 quatuor
445 1079 491 1134 hae
512 1076 720 1144 conditiones
748 1076 892 1134 nimirum
909 1097 928 1133 1.
945 1087 977 1133 ut

288 1177 380 1214 eausa
393 1157 430 1213 sit
442 1159 533 1229 bona,
547 1159 594 1213 vel
607 1157 796 1225 indifferens,
811 1158 857 1213 vel
870 1157 976 1216 saltem

288 1256 351 1296 non
366 1240 445 1294 maia
458 1239 499 1296 ob
511 1249 683 1296 secuturum
697 1240 810 1295 malum
824 1238 976 1308 effectum,

288 1338 310 1376 2.
327 1327 358 1375 ut
374 1319 500 1376 effectus
513 1319 614 1376 bonus
629 1336 667 1375 ex
683 1337 771 1374 causa
789 1335 853 1375 non
870 1337 976 1391 sequa·

288 1409 334 1455 tur
358 1397 516 1462 mediante
539 1399 621 1455 malo
643 1399 762 1468 effectu,
786 1418 812 1471 3.
834 1411 865 1454 ut
884 1417 978 1473 agens

288 1480 386 1537 solum
401 1479 540 1535 intendat
552 1479 668 1536 bonum
682 1479 833 1546 effectum,
843 1489 872 1534 et
883 1490 977 1548 4.tan·

288 1559 358 1616 dem
375 1558 459 1616 ursit
475 1559 552 1618 ratio
569 1558 803 1634 proportionate
818 1559 916 1634 gravis
936 1559 976 1615 ad

288 1639 431 1697 effectum
448 1641 561 1696 malum
584 1637 831 1714 permittendum.

473 1809 600 1858 SECTIO
622 1809 791 1859 SECUNDA.
850 1773 854 1781 ¹

354 1935 494 1984 peoora
513 1935 750 1983 HrorANoreoM
763 1933 914 1984 ACTUUM.
958 1989 963 1999 Ι

328 2093 369 2148 23·
393 2075 426 2130 In
450 2072 568 2131 actibus
591 2074 652 2131 suis
675 2076 772 2132 homo
795 2073 910 2149 duplici
934 2093 977 2130 re·

288 2155 358 2229 gula
373 2153 511 2228 dirigitur
527 2170 635 2211 :nona
656 2157 793 2228 objectiva
818 2168 863 2212 est
886 2165 977 2227 atque

288 2233 384 2309 magis
398 2242 513 2304 remota,
534 2243 563 2290 et
579 2246 701 2292 constat
717 2235 782 2309 ipsa
797 2233 979 2291 determina·

288 2313 373 2372 tione
390 2314 560 2372 mediorum
578 2334 645 2389 quae
661 2315 820 2373 hominem
833 2316 871 2371 ad
885 2316 976 2371 finem

288 2393 427 2451 ultimum
454 2395 785 2467 conducunt;—eltera
816 2406 861 2452 est
887 2397 977 2468 subje-

287 2477 363 2532 ctiva
385 2486 414 2531 et
429 2477 576 2548 proxima,
600 2493 635 2532 ea
660 2495 770 2550 nempe
799 2493 977 2550 quomens,

287 2553 439 2629 perceptis
448 2558 509 2628 jam
522 2557 581 2612 fine
594 2554 703 2613 ultimo
716 2567 807 2630 atque
820 2555 924 2613 medio
938 2575 962 2613 a«

287 2633 372 2691 illurn
401 2635 586 2705 necessario
610 2637 728 2709 judicat
756 2638 814 2693 tale
840 2636 962 2693 medion

288 2713 345 2771 sibi
362 2733 467 2788 reapse
491 2715 701 2774 adhibendum
727 2735 802 2789 esse,
824 2735 888 2774 non
904 2735 961 2791 pror
1057 2761 1060 2768 .

288 2794 528 2853 termittendum.
