2172 3174
165 2053 279 2095 Accessio.

315 183 350 233 68
370 195 639 232 officim—senmurum
659 195 782 230 usoiuoor
802 193 970 230 rnmcnnruu.

314 341 369 400 per
392 343 428 380 20
449 340 551 382 annos
572 333 681 382 contra
706 322 862 394 absentes,
891 339 945 397 per
974 341 1007 378 10

316 414 425 462 contra
447 413 623 479 praesentes

356 513 414 584 185.
437 511 498 566 Res
513 509 626 565 mobiles
639 525 679 566 ex
698 525 829 566 romano
850 509 916 582 jure
933 527 1011 583 prae:
1041 518 1044 526 '

316 589 490 650 scribuntur
503 588 569 647 sine
585 588 675 646 titulo
697 586 822 663 speciali
847 606 901 663 per
918 608 1008 662 30,-

317 689 388 728 cum
404 669 494 728 titulo
510 687 563 744 per
577 688 593 742 3
609 685 723 738 annos3

357 751 405 806 Ex
425 759 534 807 nostro
560 751 625 824 jure
653 747 720 823 ipsa
748 747 910 806 mobilium
938 765 1011 823 pos·

317 828 414 887 sessio
436 846 492 904 pro
509 827 598 886 titulo
619 838 664 885 est
679 827 848 903 acquirenti
871 846 921 886 eas
937 847 1011 886 cum

316 909 401 968 bona
425 907 596 980 fide;—sed
612 907 801 984 praescriptio
818 926 882 966 non
899 909 931 966 fit
946 907 1007 966 nisi
1082 961 1084 976 ,

318 1007 398 1064 per3
412 1005 520 1061 annos,
532 989 639 1046 saltem
656 987 759 1063 quoad
773 1006 818 1046 res
832 987 1009 1063 deperditas

317 1081 368 1126 aut
383 1067 506 1126 furtivas
508 1087 633 1158 ,—quas
648 1067 768 1126 idcirco
784 1068 930 1126 dominus
946 1068 1006 1128 sibi

317 1147 396 1206 intra
421 1146 585 1206 triennium
605 1146 761 1206 vindicare
786 1159 903 1223 potest;
905 1167 1013 1224 —pre·

316 1227 392 1286 tium
407 1238 508 1286 tamen
524 1227 697 1303 possessori
720 1227 880 1286 refundere
904 1228 1008 1301 debet,

317 1308 343 1366 si
357 1307 383 1366 is
399 1309 476 1367 forte
488 1307 555 1366 illas
571 1318 684 1366 emerat
704 1307 734 1365 in
759 1307 906 1366 nundinis
923 1310 971 1366 vel
994 1329 1014 1366 a

317 1399 488 1448 mercatore
523 1387 574 1462 qui
607 1406 654 1446 res
678 1387 856 1464 hujusmodi
883 1391 1008 1446 venales

317 1469 430 1528 habere
445 1469 538 1542 solet;

359 1547 517 1624 Stipendia
534 1565 605 1607 vero
626 1547 835 1624 operariorum
852 1559 881 1606 et
906 1547 1014 1624 hospi·

318 1639 382 1687 tum
397 1647 542 1703 expensae
556 1628 793 1704 praescribuntur
811 1647 865 1704 per
886 1631 903 1686 6
926 1646 1013 1686 men·

318 1727 366 1767 ses
368 1707 571 1784 ,-stipendia
581 1709 764 1766 famulorum
778 1720 807 1766 et
818 1708 1013 1768 medicorum

317 1807 370 1864 per
402 1807 515 1846 annum
522 1781 747 1879 ,-stipendia
774 1799 1013 1864 procuratorum

316 1887 371 1944 per
385 1889 398 1924 2
414 1886 513 1926 annos
516 1867 732 1958 ,—pensiones
749 1868 873 1927 demum
889 1879 919 1928 et
941 1888 1011 1945 pre·

317 1948 360 2008 tia
373 1947 541 2007 locationis
557 1967 610 2024 per
625 1948 769 2023 quinque.

358 2057 418 2112 186.
443 2053 592 2114 Accessio
613 2053 725 2112 dicitur
741 2055 852 2114 modus
873 2073 936 2130 quo
953 2055 1012 2114 do·

319 2133 447 2192 minium
470 2133 656 2210 acquirimus
672 2133 702 2192 in
719 2153 782 2192 rem
804 2134 946 2210 aliquam,
971 2153 1012 2194 ex
1080 2163 1081 2166 ¹

318 2233 357 2274 eo
373 2216 474 2273 solum
491 2214 575 2289 quod
589 2213 641 2272 illa
656 2226 771 2272 nostrae
787 2214 970 2291 adjungitur.

358 2296 397 2352 Et
409 2296 440 2352 fit
452 2293 605 2370 praecipue
617 2293 648 2352 in
664 2313 695 2352 re
710 2296 867 2352 immobili:

359 2376 414 2432 Vel
445 2395 465 2433 1.
495 2375 563 2433 sola
593 2384 714 2446 natura,
744 2393 797 2450 per
824 2375 1011 2449 alluvionem,
1080 2445 1081 2450 η

320 2455 446 2530 quando
462 2454 489 2512 vi
506 2473 651 2530 aquarum
671 2453 894 2513 incrementum
911 2455 1009 2515 fundo

225 2591 229 2600 ,
319 2533 410 2592 alicui
425 2533 572 2610 paulatim
588 2533 743 2611 adjicitur;

359 2615 417 2672 Vel
440 2634 464 2674 2.
480 2613 616 2672 hominis
641 2613 798 2687 industria,
815 2633 869 2690 per
889 2616 949 2692 cadi

319 2696 419 2752 tionem
432 2704 482 2752 aut
486 2694 703 2769 plantationem,
716 2714 786 2754 curn
799 2693 865 2770 quis
877 2694 953 2753 aedit

318 2785 370 2832 aut
384 2775 502 2850 plantat
516 2773 580 2832 sive
595 2792 634 2832 ex
648 2773 774 2833 materia
788 2793 842 2833 sua
857 2773 887 2832 in
911 2775 953 2832 fur
