2172 3174
331 213 426 247 occisio
445 213 563 248 ruoxrur.
761 209 791 263 53

135 337 227 396 Licet
241 356 321 396 ¹vero
336 340 471 396 indirecte
485 357 669 397 concurrere
685 341 723 398 ad
746 339 791 398 sui

97 417 306 488 occisionem,
321 437 373 476 seu
387 419 541 478 actionem
554 439 670 495 ponere
683 439 720 478 ex
733 439 793 495 qua

96 516 183 556 mors
200 498 324 575 propria
349 511 434 556 certo
460 510 610 574 sequatur,
633 500 730 558 modo
753 518 792 558 ex

97 579 208 636 eadem
221 578 345 638 actione
357 590 501 656 sequatur
512 599 598 655 aeque
613 579 791 637 immediate
830 625 832 630 .

95 659 216 718 bonum
241 662 389 734 jacturam
414 658 483 718 vitae
510 678 732 736 compensans,
762 670 792 718 et

97 739 161 798 hoc
185 740 287 797 solum
302 739 486 798 intendatur.

138 849 200 918 146.
217 847 423 918 idalcfnctores
438 845 583 905 occidere
599 846 670 905 licet
687 857 791 905 aucto·
838 809 939 902 001011'510

97 926 185 985 ritate
226 925 350 1000 quidem
387 925 657 1002 publica,—non
690 937 791 985 autem
828 925 940 956 rroxrm.

96 1006 227 1084 privata;

752 1050 756 1060 1
815 989 954 1038 titulcia-

842 1059 929 1110 ctoris.

806 1142 829 1179 2.
845 1133 964 1193 Aggres-

850 1217 924 1249 soris.

136 1086 320 1145 Dummodo
357 1096 459 1144 tamen
493 1086 657 1163 inculpatae
689 1088 790 1146 tutelae

97 1167 300 1225 moderamen
321 1178 463 1238 servetur,
487 1167 652 1243 unicuique
673 1167 790 1225 licitum

97 1257 145 1305 est
168 1246 334 1304 defendere
357 1246 448 1304 etiam
472 1266 542 1304 cum
563 1247 724 1306 occisione
746 1245 791 1304 in»

94 1325 168 1404 justi
181 1329 365 1401 aggressuris,
379 1337 442 1384 tum
456 1326 546 1384 vitam
560 1327 622 1384 sive
635 1325 790 1403 propriam

99 1407 163 1465 sive
189 1405 337 1482 proximi,
349 1441 388 1450 —-
400 1418 462 1464 tum
486 1407 789 1482 pudicitiam-tum

96 1487 184 1546 bona
198 1487 330 1544 fortunae
352 1487 454 1563 magni
477 1487 642 1558 momenti;

138 1569 177 1624 Et
191 1566 216 1624 si
233 1566 300 1642 quis
316 1567 468 1626 honorem
485 1567 573 1626 tactis
588 1567 661 1643 ipsis
678 1578 707 1624 et
722 1585 787 1626 non

97 1645 197 1706 verbis
211 1647 308 1706 modo
324 1646 458 1722 impetat,
479 1649 526 1706 vei
539 1648 623 1706 bona
638 1659 790 1723 tempora-

96 1726 138 1786 lia
152 1726 288 1794 minoris
300 1727 424 1802 quidem
437 1727 586 1786 momenti
602 1728 655 1785 sed
673 1727 789 1786 violen-

96 1817 143 1866 ter
167 1807 283 1882 eripere
310 1819 447 1881 conetur,
474 1807 546 1866 licet
567 1809 710 1884 profecto
729 1807 789 1866 vim

97 1887 127 1944 vi
142 1888 300 1963 repellere.

137 2014 196 2068 147.
221 1995 385 2069 Nunquam
400 1993 472 2052 licet
490 1994 606 2053 directe
621 1996 790 2054 innocentem
806 2001 963 2062 3.1nnocen-

97 2075 245 2135 occidere
260 2074 351 2132 etiarn
371 2073 553 2134 auctoritate
568 2074 692 2152 publica
707 2088 736 2133 et
751 2077 790 2134 ad
863 2071 904 2119 tis.

94 2156 215 2214 bonum
236 2154 393 2230 publicum
417 2156 659 2231 procurandum

137 2235 208 2304 Sed,
236 2234 361 2310 quando
387 2234 464 2292 vires
484 2254 549 2294 non
571 2245 735 2311 suppetunt
750 2235 790 2294 ad

97 2314 231 2374 civitatis
253 2313 477 2387 defensionem,
494 2315 566 2373 licet
587 2314 789 2374 innocentem

95 2394 217 2454 tradere
232 2404 363 2469 tyranno
380 2394 430 2471 qui
443 2413 511 2452 eum
524 2393 598 2471 petit
610 2406 642 2453 ut
654 2395 788 2470 occidat,

95 2473 237 2532 alioouin
254 2473 408 2532 civitatem
424 2486 591 2533 vastaturus
598 2493 604 2547 ;

185 2573 204 2613 ο
231 2565 261 2612 et
281 2554 353 2612 licet
375 2555 417 2613 ob
432 2555 641 2632 gravissimam
665 2574 789 2614 causam

154 2653 215 2692 ,ere
238 2633 394 2692 actionem
416 2634 447 2692 in
472 2654 503 2693 se
524 2654 588 2694 non
611 2638 723 2693 malam
749 2654 789 2696 ex

154 2725 288 2804 ‚praeter
311 2714 516 2774 intentionem
542 2727 684 2791 sequatur
704 2735 788 2775 mors

158 2805 285 2853 ·centrs.
