2172 3174
274 197 413 244 culintuna,
432 201 593 234 inmusulus.
746 198 777 250 35

125 321 192 380 illis
207 333 353 399 praeterea
364 326 538 402 praecipitur
553 327 716 404 explicitus
729 337 780 385 aut

87 404 195 462 saltem
234 404 408 480 implicitus,
444 425 498 483 per
522 427 554 466 se
589 419 661 484 post
691 426 779 466 usum

1 489 2 512 ³
86 483 215 542 rationis
246 487 423 560 perfectum,
452 506 577 546 necnon
606 487 718 564 pluries
747 487 779 546 in

1 565 2 582 ¹
87 563 231 638 vita-et
245 583 298 640 per
313 565 458 625 accidens
478 568 600 642 quoties
621 567 780 644 requiritur

1 639 3 724 f
86 645 122 702 ad
136 643 324 704 vincendam
340 647 553 720 tentationem,
576 659 627 706 aut
649 647 687 706 ad
703 667 778 724 prae-

1 727 2 790 ξ
85 736 209 800 ceptum
235 723 290 783 rite
315 725 558 803 adimplendum,
588 739 678 804 atque
707 739 779 804 post

1 845 2 883 5
85 815 228 881 negatam
244 805 345 866 fidem.
654 828 659 840 ·
784 813 789 823 '

1 995 3 1012 ³
123 951 172 1004 94.
187 932 284 988 Actus
298 923 367 990 fidei
378 939 512 992 externas
523 933 778 993 Christifidelibus
807 954 830 991 2.
844 941 939 990 Exter-

85 1009 262 1086 praecipitur
286 1021 349 1069 tum
371 1015 512 1086 negative,
534 1025 683 1089 quatenus
708 1034 778 1091 pro·
842 1028 899 1062 ssus·

1 1079 3 1110 ⁵
84 1089 206 1148 hibetur
233 1109 312 1150 verae
342 1092 413 1150 fidei
442 1093 574 1170 negatio,
615 1096 662 1152 vel
695 1096 779 1154 fals'ae

1 1185 2 1188 ’
85 1169 241 1247 professio
275 1182 325 1229 ant
355 1183 471 1230 tantum
506 1173 778 1246 simulatio—tum

1 1251 3 1280 ‘
85 1253 275 1328 affirmative,
300 1263 448 1328 quatenus
472 1255 594 1330 jubetur
618 1255 777 1315 confessio

86 1331 156 1389 fidei
169 1330 263 1388 etiarn
276 1351 346 1390 cum
362 1333 431 1392 vitae
445 1333 593 1409 periculO,
611 1334 634 1392 si
651 1353 778 1392 necesse

1 1445 2 1482 3
85 1411 123 1469 sit
148 1421 181 1468 ut
206 1412 311 1470 honor
332 1413 389 1470 Dei
412 1415 459 1471 vel
486 1413 648 1490 spiritualis
664 1414 778 1472 utilitas

85 1490 220 1567 proximi
236 1493 333 1552 modo
349 1493 479 1552 notabili
495 1513 560 1552 non
576 1495 777 1553 subtrahatur.

124 1642 170 1701 95.
194 1625 304 1685 Omnis
331 1627 452 1686 adultus
485 1627 563 1686 scire
589 1638 619 1686 et
654 1630 778 1688 credere
810 1633 934 1684 IILCre-

85 1715 205 1764 tenetur
233 1706 416 1765 necessitate
444 1710 530 1765 medii
556 1709 662 1766 saltem
692 1710 778 1785 quod
832 1707 920 1755 denda.

1 1845 2 1856 ,
85 1787 169 1844 Deus
193 1787 232 1844 sit
255 1798 284 1844 et
307 1788 392 1862 quod
409 1787 447 1846 sit
461 1799 683 1860 renrurterator;

1 1865 2 1872 ’
124 1868 275 1924 Praeterea
289 1867 366 1926 scire
382 1879 411 1926 et
426 1869 551 1926 credere
566 1869 658 1926 debet
672 1889 777 1928 neces-

1 1920 7 2005 i
84 1945 173 2004 sitate
188 1950 328 2022 praecepti
340 1949 515 2022 symbolum
542 1951 776 2024 Apostolorum,

1 2043 2 2054 ¹
83 2037 240 2102 praeeepta
266 2028 416 2104 Decalogi
440 2039 469 2086 et
489 2028 646 2100 Ecclesiae,
673 2031 777 2087 Sacra·

84 2117 190 2164 menta
216 2126 283 2181 quae
307 2109 450 2184 proxime
485 2121 556 2166 sunt
588 2109 775 2185 recipienda,

0 2227 1 2242 r
83 2198 176 2262 atque
192 2187 374 2246 Orationem
390 2189 589 2247 Dominicam
603 2201 684 2248 certe
702 2208 777 2264 quo·

0 2285 1 2352 J
83 2267 124 2324 ad
140 2267 352 2328 substantiam.
859 2340 880 2381 11

124 2383 364 2459 96.1nfidelitas
387 2403 459 2460 pure
485 2387 643 2443 materialis
662 2396 707 2444 est
729 2399 784 2444 ca·'
832 2395 912 2436 Aenus

83 2464 183 2522 rentia
198 2464 268 2522 fidei
284 2463 314 2524 in
331 2465 458 2524 homine
473 2483 537 2524 non
554 2465 708 2542 baptizato
726 2465 777 2542 qui
825 2459 933 2545 vuum..

161 2564 243 2620 luam
268 2543 306 2603 de
340 2563 409 2602 vera
431 2545 579 2621 religione
608 2547 776 2622 quidquam
802 2533 941 2598 llnficlelr-

161 2624 255 2684 ¹natus
281 2636 407 2694 est—et
435 2626 502 2684 haec
526 2638 688 2702 peccatum
713 2625 775 2685 dici
844 2611 890 2653 Μ’·

198 2754 270 2843 italis
291 2805 363 2845 vero
380 2796 425 2843 est
440 2786 575 2844 carentia
599 2787 668 2844 fidei
689 2787 720 2844 in
736 2805 775 2846 eo
