2172 3174
331 212 400 248 noua
419 213 519 249 uxorem.
740 195 773 257 63

79 357 167 398 218c.
184 355 345 410 annorum,
362 341 409 397 vel
425 340 532 398 saltem
548 333 774 412 emancipatus;

80 429 153 476 -et
164 437 262 493 usque
277 418 315 476 ad
328 437 442 477 annum
455 421 509 477 18⁰¹
525 419 714 494 completum
728 416 775 474 vel

46 549 50 556 .
79 499 232 575 usquead
256 497 536 575 emancipationem
548 496 692 557 dominio
710 507 774 556 tau·

79 589 143 637 tum
178 577 298 637 directo
331 579 444 655 gaudet
472 577 504 636 in
539 589 652 637 caetera
678 577 773 649 bona,

81 676 215 734 quorum
228 659 446 718 usumfructum
458 659 551 720 habet
565 668 658 734 pater,
672 659 719 716 vel
735 674 774 716 eo

79 750 206 798 mortuo
236 737 302 814 ipsa
333 750 429 798 mater
463 737 522 797 nisi
553 737 628 796 alias
652 735 774 814 nuptias

80 828 281 878 contraxerrt.

118 943 177 1000 1.73
213 923 347 983 Ratione
374 924 529 985 bonorum
559 924 774 1016 temporalium

80 1004 194 1081 triplex
209 1005 298 1063 datur
311 1003 447 1082 regimen
471 1004 706 1077 matrimoniale,
729 1003 775 1063 ni·

79 1085 215 1146 mirum:

120 1185 142 1224 r.
166 1163 317 1241 Regimen
339 1165 468 1238 dotale,
461 1183 570 1240 inquo
588 1163 775 1224 bonumali·

80 1244 168 1320 quod
190 1243 426 1304 determinatum
446 1265 464 1303 a
478 1245 604 1304 muliere
618 1244 650 1303 in
666 1245 775 1303 dotem

79 1325 205 1386 affertur
219 1336 252 1383 ut
264 1343 303 1384 ex
315 1323 396 1384 illius
408 1325 555 1384 fructibus
569 1325 779 1383 sustineantur

82 1423 178 1466 onera
210 1403 590 1481 matrimonii—quamvis
615 1416 717 1464 tamen
746 1419 776 1462 et

4 1521 6 1532 ·
80 1485 140 1544 alia
154 1485 241 1544 bona
256 1495 365 1560 praeter
379 1485 485 1544 dotem
500 1504 554 1544 seu
571 1485 775 1561 parapherna-

80 1565 121 1626 lia
135 1565 246 1624 mulier
262 1565 374 1622 habere
390 1576 493 1641 queat;

122 1666 145 1705 2.
178 1643 329 1722 Regimen
362 1647 586 1703 communitatem
614 1644 773 1716 excludens,

81 1725 113 1784 in
145 1743 209 1802 quo
239 1725 324 1784 bona
349 1723 468 1800 utrique
497 1723 622 1801 conjugi
650 1723 776 1800 propria

82 1803 215 1865 omnino
229 1816 396 1876 remanent,
409 1804 481 1864 licet
492 1816 616 1879 uterque
630 1821 668 1862 ex
680 1815 773 1880 pacto

81 1884 208 1963 speciali
223 1886 271 1942 vel
287 1903 325 1943 ex
337 1886 404 1962 lege
419 1885 457 1943 ad
474 1883 663 1943 matrimonii
678 1902 775 1943 onera

82 1966 194 2026 debeat
217 1983 414 2039 concurrere,

120 2048 160 2106 Et
186 2065 214 2120 3.
241 2043 375 2121 regimen
401 2046 619 2116 communitatis,
649 2043 680 2101 in
710 2061 774 2118 quo

81 2127 165 2186 bona
180 2125 315 2184 evadunt
326 2124 512 2195 communia,
525 2123 588 2182 sive
603 2141 642 2182 ex
657 2142 772 2181 conven-

7 2271 8 2279 ,
81 2208 160 2279 tione,
184 2205 249 2264 sive
271 2223 309 2264 ex
333 2204 399 2296 ipsa
419 2206 486 2280 lege
489 2223 597 2280 —quae
616 2202 697 2280 apud
713 2219 775 2261 nos

81 2285 185 2346 statuit
212 2283 392 2346 communia
422 2303 489 2344 esse
514 2283 621 2343 omnia
644 2281 775 2342 mobilia

8 2395 9 2406 ¹
81 2368 119 2426 ab
145 2375 277 2441 utroque
305 2367 438 2442 conjuge
460 2364 492 2422 in
513 2364 563 2422 die
583 2362 772 2422 matrimonii

8 2445 10 2501 ἶ
81 2445 194 2518 habita,
211 2447 325 2504 fructus
346 2456 375 2502 et
390 2444 526 2504 redditus
549 2463 658 2503 omnes
680 2442 774 2502 etiam

9 2687 11 2742 l

82 2527 87 2538 '
133 2524 296 2596 nobilium,
313 2535 343 2582 et
357 2523 423 2601 ipsa
434 2523 608 2584 immobilia
622 2534 695 2601 post
709 2543 772 2582 ma·

141 2606 259 2666 lonium
284 2605 371 2663 aliter
395 2625 431 2666 ac
461 2624 514 2681 per
539 2603 772 2663 successionem

148 2685 351 2747 lonationem
367 2684 525 2761 acquisita.

154 2815 177 2867 4.
203 2793 259 2852 Vir
283 2794 502 2852 usumfructum
531 2802 561 2851 et
582 2791 775 2851 administra-
