2190 3174
293 171 327 221 82
347 185 616 224 onmia-Smin&
634 184 760 222 bucanoer
779 185 946 221 PRAECBPTUN.

293 330 330 370 ea
361 311 448 403 prius
469 312 620 371 solvenda
651 330 741 388 quam
774 310 934 388 exigantur
961 331 983 370 a

293 403 475 468 praeposrtrs.

137 571 158 601 2.
167 557 255 600 Militia.
333 562 392 613 224.
408 540 557 616 justitiam
571 543 701 618 legalem
713 552 804 617 atque
816 541 985 602 distributi·

293 641 361 682 vam
377 621 460 681 laedit
481 624 667 696 magistratus
687 621 739 698 qui
754 622 855 680 sciens
871 623 981 682 volens

293 700 447 760 subditum
475 701 608 777 aliquem
633 721 651 760 a
672 701 781 760 militia
804 701 871 761 sine
901 703 986 776 justa

293 800 385 840 causa
399 779 621 854 eximit—imo
643 793 673 841 et
687 781 784 860 ipsam
811 791 982 842 commuta·

292 860 393 934 tivam,
420 861 444 920 si
478 863 552 921 loco
584 861 663 920 illius
692 881 782 939 quem
808 861 850 920 ita
874 860 993 940 eximit⁴

291 943 418 1001 alterum
441 941 557 1000 militiae
572 941 682 1018 injuste
697 941 861 1002 adscribat.

332 1108 388 1167 ²²5·
412 1091 460 1149 Ad
482 1090 621 1150 militiam
644 1103 785 1151 tenentur
808 1091 836 1150 vi
856 1091 983 1167 justitiae

292 1171 520 1232 commutativae
536 1171 586 1247 qui
603 1173 641 1231 ad
657 1171 740 1230 illam
755 1190 812 1248 pro
824 1171 924 1250 pretio
948 1190 983 1232 se

292 1253 484 1323 locaverunt;
648 1267 654 1279 ·

332 1331 441 1391 Caeteri
467 1349 538 1391 vero
561 1349 626 1392 non
641 1331 736 1390 teneri
759 1331 900 1390 videntur
920 1330 979 1390 nisi

291 1429 331 1470 ex
345 1409 435 1488 legali
449 1409 564 1486 justitia
576 1413 724 1470 :-solam
744 1411 835 1488 igitur
849 1413 980 1488 legalem
1065 1457 1068 1464 .

289 1490 437 1568 justitiam
465 1490 665 1567 probabiliter
692 1491 787 1550 violat
809 1493 984 1568 conscriptus

291 1573 343 1646 qui
355 1571 403 1628 vel
418 1571 457 1628 ad
473 1589 504 1628 se
516 1573 780 1630 exauctorandum
795 1591 849 1648 per
863 1571 981 1630 mutila·

291 1650 419 1721 tionem,
433 1650 595 1709 mendacia
606 1661 656 1710 aut
671 1652 808 1710 fraudem
825 1651 981 1728 magistra·

291 1741 338 1789 tus
354 1729 477 1806 decipit,
494 1732 540 1788 vel
563 1750 578 1788 e
595 1730 700 1792 castris
725 1733 841 1807 absque
861 1731 981 1791 motivo

292 1809 456 1869 sufficienti
488 1809 635 1887 aufugit:
662 1811 775 1870 etenim
815 1811 880 1888 ipse
915 1830 980 1871 non

292 1909 384 1949 causa
396 1909 465 1948 vera
476 1900 529 1962 est,
536 1891 590 1948 sed
604 1891 731 1950 occasio
744 1902 861 1950 tantum
874 1891 979 1950 damni

292 1969 377 2046 quod
393 1971 472 2029 forte
488 1939 564 2028 alius
580 1971 707 2043 subibit;

331 2052 398 2109 Imo
415 2069 473 2108 nec
488 2050 602 2141 legalis
616 2063 701 2146 urget
723 2051 839 2127 justitia
854 2051 981 2126 quando

291 2131 342 2190 lex
378 2129 619 2221 conscriptionis
656 2131 768 2207 injusta
804 2142 861 2203 est,
877 2142 982 2190 —aut

291 2209 454 2286 quando
446 2229 476 2268 rn
506 2209 613 2269 castris
642 2211 753 2270 milites
782 2222 981 2302 exponuntur

290 2309 372 2367 gravi
366 2289 493 2348 'salutis
515 2289 662 2366 periculo,
679 2291 791 2368 quod
784 2287 842 2368 rpsi
858 2290 979 2350 morali·

290 2380 335 2428 ter
348 2370 508 2445 loquendo
523 2389 681 2430 removere
702 2390 768 2430 non
783 2373 894 2434 valent.

130 2553 151 2591 ³.
168 2537 262 2580 nerium.
330 2523 388 2579 226.
411 2521 532 2578 Damna
546 2520 577 2578 in
592 2521 677 2580 bello
693 2520 850 2580 evidenter
864 2520 956 2597 injust

277 2599 370 2674 .data,
387 2599 531 2658 resarcire
547 2611 686 2660 tenetur:
851 2651 855 2660 ,

330 2700 350 2738 1.
375 2678 522 2740 Primario
549 2691 579 2739 et
600 2680 736 2741 totaliter
762 2680 827 2758 ipse
846 2683 959 2758 princip

290 2758 341 2836 qui
356 2760 471 2818 bellum
485 2759 611 2835 indixit;
