2172 3174
289 189 321 244 54
341 191 608 238 oretum-quantun
628 191 753 228 uucntout
772 193 940 229 PRAECEPTUH.

128 346 152 393 4.
163 333 260 382 Foetus.
330 323 390 392 148.
414 319 577 394 Nunquam
598 316 671 376 licet
696 317 812 377 directe
837 318 985 378 occidere

281 401 390 472 scutum
405 399 437 456 in
453 409 540 456 utero
556 397 676 469 matris;

329 477 532 538 Probabiliter
550 489 652 536 tamen
669 477 741 536 licet
756 476 848 536 etiarn
866 477 986 537 directe

281 565 403 634 partum
427 559 594 630 accelerare,
617 576 685 629 ¹non
708 559 852 618 obstante
873 558 981 635 praevi·

290 638 380 698 sione
395 638 503 698 mortis
518 637 660 714 proxime
672 638 788 710 futurae,
805 637 829 696 si
842 639 984 698 absolute

289 730 319 777 et
330 718 456 795 physice
468 737 594 776 necesse
606 717 644 776 sit
656 717 696 776 ad
708 729 835 776 matrem
847 739 865 776 a
877 730 978 778 morte

289 799 693 874 liberandanr;-nunquam
719 807 820 856 autem
844 797 917 857 licet
942 799 982 857 ad

288 878 520 955 impediendum
537 876 707 954 ‘quominus
733 887 830 936 mater
848 879 887 937 ab
913 878 981 938 aliis

288 957 486 1017 interficiatur
501 959 548 1017 vel
572 959 741 1016 infametur.

128 1039 259 1135 Duffi‘ffi
327 1093 388 1150 149.
411 1075 555 1132 Duellum
570 1072 693 1149 proprie
708 1072 826 1132 dictum
842 1083 888 1132 est
902 1073 980 1150 peri·

288 1157 396 1214 culosa
420 1154 552 1212 duorum
584 1173 687 1230 pugna
720 1172 759 1212 ex
792 1153 982 1230 praecedenti

287 1233 438 1294 condicto
460 1233 594 1306 deloco,
612 1244 754 1308 tempore
766 1245 795 1290 et
809 1233 900 1292 armis
917 1249 923 1293 :

328 1318 428 1389 Atque
442 1313 512 1390 ipso
524 1315 589 1388 jure
601 1324 715 1372 naturae
731 1313 861 1374 omnino
875 1313 980 1389 prohi-

286 1393 382 1467 betur,
398 1405 543 1469 tanquam
560 1392 723 1452 homicidii
739 1393 827 1451 simul
845 1405 875 1452 et
886 1393 979 1452 suici-

287 1473 330 1532 dii
345 1485 461 1532 reatum
477 1473 802 1550 complectens-nisi
816 1475 866 1532 fiat
879 1474 980 1532 velad

287 1572 453 1612 commune
465 1554 583 1612 bonum
599 1571 637 1610 ex
649 1553 830 1612 auctoritate
845 1553 982 1629 publica,

287 1635 336 1692 vel
351 1635 389 1692 ad
402 1635 514 1708 justam
530 1633 796 1708 necessariamque
811 1633 857 1692 sui
877 1634 982 1693 defen·

288 1713 419 1773 sionem.

173 1786 210 1826 iv.

88 1893 90 1898 Ι
135 1838 247 1883 aarum.
326 1847 385 1906 150.
401 1831 519 1888 Bellum
536 1828 647 1887 dicitur
659 1849 761 1906 pugna
772 1828 979 1890 multitudinis

285 1921 396 1968 contra
417 1921 593 1968 extraneam
609 1909 855 1967 multitudinem:

326 1991 365 2048 Et
379 1988 496 2048 licitum
512 2001 557 2048 est
578 2002 642 2048 tum
665 1989 704 2048 ad
719 1988 860 2065 injuriam
882 1992 980 2066 repel-

284 2070 419 2141 lendam,
441 2080 504 2126 tum
520 2071 558 2128 ad
580 2069 738 2145 proprium
751 2072 799 2146 jus
820 2069 984 2128 vindican-

283 2151 368 2221 dum,
385 2150 557 2208 dummodo
574 2151 625 2207 fiat
636 2150 818 2208 auctoritate
830 2149 976 2226 legitima,

283 2249 326 2288 ex
348 2231 428 2305 justa
450 2243 479 2286 et
500 2229 737 2306 proportionata
757 2249 857 2302 causa,
886 2240 979 2306 atque

283 2311 385 2369 modo
407 2309 532 2382 debito;

328 2389 359 2448 Si
375 2401 477 2447 tamen
492 2389 619 2465 incepto
638 2390 723 2447 bello
740 2389 879 2449 offensor
893 2408 981 2449 com-

285 2481 442 2546 petentem
459 2471 569 2528 offerat
588 2469 840 2542 satisfactionem,
866 2491 883 2528 a
904 2471 982 2530 belii

287 2549 506 2625 prosecutione
541 2549 753 2608 desistendum
782 2562 839 2622 est,
871 2562 957 2628 utpo¹

282 2632 347 2705 jam
361 2649 547 2705 supervacua
562 2651 597 2688 ac
611 2630 743 2706 proinde
758 2629 881 2706 injusta.
