2172 3174
142 253 149 264 ·
221 237 224 242 ,
310 203 442 248 Portuno,
463 202 585 237 sonoram.
759 199 788 250 57

97 325 219 403 generis
245 327 510 404 propagationem,
535 347 655 404 semper
676 326 789 388 consti-

96 406 155 464 tuit
177 409 307 466 mortale
328 420 489 487 peccatum
506 407 627 485 quoties
643 409 746 466 directe
760 417 790 465 et

3 539 5 556 p
95 485 126 545 in
143 505 177 544 se
199 485 376 546 intenditur.

136 607 196 680 156.
221 603 251 661 Si
266 605 401 663 indirecte
416 616 532 663 tautum
549 605 588 664 sit
603 604 706 675 volita,
723 605 789 680 pol-

94 683 173 742 lutio
190 682 263 742 erit:

137 785 157 821 1.
175 764 320 836 Mortalis,
337 765 463 840 quando
475 766 567 838 actio,
580 784 619 823 ex
632 784 692 840 qua
704 783 788 822 secu·

3 855 5 912 4
95 853 163 902 tura
177 845 368 919 praevidetur,
385 845 523 906 mortalis
539 845 594 904 erit
615 843 647 903 in
663 844 788 902 materia

96 923 226 982 luxuriae
242 935 271 982 et
286 925 376 984 simul
398 946 490 985 causa
510 945 611 1002 perse
631 936 661 983 et
676 927 788 983 efficax

3 1005 5 1010 ’
95 1003 293 1080 pollutionis;
636 1059 639 1068 .

137 1105 160 1143 2.
194 1084 323 1156 Venialr's,
340 1087 466 1160 quando
482 1086 565 1145 actio
582 1085 708 1143 venialis
723 1096 787 1143 tan-

95 1173 160 1222 tum
185 1164 240 1222 erit
255 1165 285 1222 in
302 1167 428 1224 materia
442 1166 580 1246 luxuriae3

3 1247 4 1252 ’
136 1265 162 1319 3.
188 1245 279 1320 Culpa
300 1265 418 1318 vacans,
444 1257 495 1306 aut
520 1247 605 1305 omni
629 1256 680 1304 aut
705 1255 786 1303 certe

3 1359 4 1362 =
96 1325 189 1401 gravi,
205 1343 269 1384 non
287 1329 388 1385 solum
410 1326 536 1402 quando
562 1326 644 1384 actio
668 1327 723 1383 erit
747 1325 786 1382 de

3 1419 6 1470 ἶ
96 1423 129 1462 se
144 1406 278 1465 honesta
293 1417 323 1464 et
337 1407 519 1478 licita—ast
535 1407 627 1466 etiam
642 1405 786 1482 probabi·
843 1463 845 1470 ,

96 1483 153 1543 lius
169 1486 296 1560 quaudo
313 1486 607 1562 eritpeccaminosa,
624 1487 696 1544 licet
708 1487 786 1544 forte

95 1565 235 1640 graviter,
252 1567 306 1624 sed
322 1566 353 1624 in
369 1566 430 1626 alio
446 1578 645 1643 peccatorum
666 1584 785 1643 genere,

3 1669 5 1716 ρ
95 1654 128 1702 ut
159 1645 281 1720 potatio
307 1646 402 1704 nimia
434 1651 481 1706 vel
507 1647 660 1706 comestio
684 1645 784 1718 vetita,

3 1733 5 1804 ᾖ
95 1727 193 1784 modo
210 1736 312 1784 tamen
336 1727 468 1802 pollutio
490 1729 662 1785 nullatenus
688 1725 786 1784 inten-

3 1805 5 1872 ἴ
94 1803 184 1863 datur
207 1821 214 1862 :
239 1806 372 1882 pollutio
397 1807 478 1864 enirn
507 1808 677 1866 secundum
699 1826 731 1864 se
757 1817 787 1864 et

94 1885 249 1962 objective
265 1905 329 1945 non
343 1897 389 1946 est
400 1889 483 1960 mala¹
494 1887 552 1946 nisi
568 1899 599 1946 ut
614 1886 785 1946 voluntarie

3 1971 5 1976 “
91 1977 266 2040 procurata.

133 2083 188 2140 157·
215 2064 350 2122 Sodomita
365 2065 497 2126 omnino
505 2067 632 2140 propria
651 2075 696 2122 est
712 2083 785 2124 con·
802 2087 821 2114 1·
832 2069 948 2114 Sodomia.

3 2159 5 2190 ³
92 2145 215 2204 cubitus
247 2145 303 2202 viri
336 2165 405 2204 cum
430 2146 496 2205 viro
522 2165 576 2221 per
600 2145 785 2204 effusionem

3 2271 4 2290 r
92 2224 505 2301 seminiS,-'minuspropria,
523 2226 707 2284 concubitus
723 2245 785 2282 mu-

3 2317 4 2322 ’
90 2304 175 2363 lieris
188 2323 258 2362 cum
275 2305 482 2378 muliere-et
498 2307 656 2383 impropria
671 2305 786 2380 simpli·

3 2417 5 2432 ι
90 2385 177 2457 citer,
207 2385 392 2444 concubitus
415 2407 484 2444 cum
507 2405 639 2462 persona
663 2385 785 2443 alterius

3 2499 5 2538 ;
89 2483 185 2524 sexus
211 2466 266 2524 sed
291 2466 320 2524 in
344 2486 414 2524 vase
433 2466 575 2525 indebito
592 2465 786 2540 :—quaelibet

3 2551 4 2554 ’
151 2564 195 2603 em
211 2557 314 2621 potest
338 2565 404 2604 esse
428 2557 643 2606 consummata
657 2547 704 2602 vel
721 2565 784 2606 non

160 2637 310 2684 summata
324 2638 415 2701 prout
426 2626 536 2685 effusio
553 2625 678 2685 seminis
692 2625 785 2685 virilis

167 2705 295 2764 rumoris
312 2707 434 2765 feminei
451 2707 530 2766 intra
545 2727 596 2766 vas
612 2706 785 2765 indebitum

151 2789 248 2846 ⁰⁶³*ur
262 2791 310 2848 vel
331 2806 406 2848 non.
