2172 3174
303 199 336 262 38
513 215 786 250 orrtcm.—-vmrurrs

344 339 379 396 ln.
389 342 483 414 gravi
503 353 604 400 autem
624 341 806 401 necessitate
828 353 893 399 tum
909 338 995 415 spiri·
1082 395 1083 404 ,

301 419 374 477 tuali
390 431 453 478 tum
469 421 639 497 temporali,
655 421 800 497 proximo
816 439 994 479 succurren·
1082 455 1083 458 =

302 499 374 558 dum
387 511 440 571 est,
454 501 508 558 sed
523 520 588 560 non
605 522 679 560 cum.
688 502 770 578 gravi
786 501 994 560 incommodo

301 579 361 637 nisi
387 579 569 640 interveniat
596 582 699 640 titulus
733 581 838 656 oflicii,
869 580 994 658 justitiae
1081 593 1083 600 ⁴

302 671 352 718 aut
367 659 500 735 pietatis;
1082 665 1083 688 ³

342 743 376 798 ln
391 743 533 798 communi
545 742 669 807 demum
685 742 875 814 necessitate,
892 743 994 800 nullus

302 829 421 878 tenetur
435 821 561 897 singulis
574 841 758 880 succurrere.
1081 819 1083 828 ’

142 925 273 968 arninimi-
342 923 402 976 106.
429 919 592 978 Inimicum
616 921 658 978 ita
686 920 812 996 diligere
841 921 936 978 debes
962 929 993 977 ut

180 993 228 1020 ⁰⁰⁵·
303 1017 371 1056 eum
393 999 432 1056 ab
457 1001 570 1058 affectu
598 1011 627 1058 et
652 1001 812 1058 effectibus
839 999 995 1058 charitatis
1082 1017 1083 1072 ,

303 1079 519 1138 communibus
532 1099 596 1138 non
609 1081 765 1153 excludas,
778 1081 836 1138 nisi
849 1099 887 1140 ex
903 1099 995 1138 causa
1082 1117 1083 1120 =

301 1159 485 1230 rationabili,
506 1181 532 1218 v.
547 1181 573 1236 g.
596 1161 635 1218 ad
658 1161 860 1219 obtinendam
876 1160 993 1220 satisfa·
1081 1171 1083 1178 “

302 1239 438 1298 ctionem
454 1258 510 1315 pro
527 1241 660 1312 offensa,
897 1249 900 1254 ’

342 1319 434 1395 Signa
456 1330 556 1378 autem
572 1321 718 1396 specialia
733 1320 920 1390 dilectionis
943 1338 994 1377 ex·
1081 1339 1083 1374 τ

300 1409 346 1458 tra
373 1400 565 1459 necessitatis
591 1421 703 1472 casum,
736 1420 800 1459 non
828 1401 924 1478 magis
949 1397 994 1457 illi
1081 1393 1083 1454 l

301 1480 395 1538 debes
412 1499 502 1556 quarn
519 1483 636 1540 caeteris
653 1481 847 1554 hominibus;

342 1562 379 1617 Et
402 1560 540 1634 quamvis
566 1562 696 1620 tenearis
722 1562 851 1620 inimico
872 1560 993 1619 veniam
1081 1581 1083 1628 ,

301 1639 357 1698 rite
372 1640 487 1715 petenti
505 1642 695 1715 condonare,
713 1661 776 1701 non
793 1654 894 1699 tamen
911 1653 995 1698 tene·
1061 1689 1063 1692 .
1081 1661 1083 1698 J

301 1719 341 1778 ris
361 1719 513 1778 remittere
533 1722 778 1782 satisfactionem
801 1741 857 1797 pro
874 1723 996 1780 offensa
1081 1719 1083 1786 ξ

301 1801 348 1858 vel
360 1799 476 1858 damno
491 1801 578 1860 illato
585 1802 698 1876 ;-im0
712 1803 736 1861 si
749 1804 800 1860 ille
812 1800 995 1860 satisfactio·
1082 1803 1083 1872 ξ

301 1899 372 1938 nem
389 1882 506 1950 offerat,
529 1895 618 1957 potes
644 1883 735 1940 etiam
756 1883 886 1959 juridice
909 1881 996 1957 puni·
1082 1915 1083 1918 =

302 1959 420 2020 tionem
454 1963 567 2037 justam
600 1973 630 2021 et
663 1963 830 2040 legitimam
864 1961 995 2038 exigere,
1082 2011 1083 2026 ,

302 2040 447 2116 deposito
470 2053 571 2100 tamen
595 2043 680 2102 omni
697 2044 782 2113 odio,
808 2055 837 2100 et
860 2045 995 2100 honesto
1082 2045 1083 2112 ᾗ

302 2132 401 2178 stante
427 2121 559 2180 actionis
586 2123 714 2194 motivo,
736 2145 762 2182 v.
775 2144 802 2200 g,
818 2122 894 2182 boni
910 2141 995 2180 com·

302 2201 402 2260 munis
418 2201 467 2260 cui
487 2215 615 2262 noceret
637 2203 799 2262 criminum
820 2202 996 2279 impunitas.

342 2338 400 2392 107.
423 2321 457 2376 ln
473 2332 610 2392 extrema
628 2319 811 2378 necessitate
827 2321 998 2392 eleemosyna
1081 2337 1083 2400 Ξ

232 2425 236 2436 ·
301 2399 446 2475 proximo
483 2399 633 2477 indigenti
670 2400 828 2480 eroganda
859 2410 903 2456 est
939 2399 996 2456 sub
1082 2431 1083 2440 ι

302 2479 384 2555 gravi
413 2499 452 2538 ex
481 2481 572 2539 bonis
598 2481 690 2539 etiam
713 2479 902 2548 necessariis
930 2497 996 2536 non
1081 2489 1083 2556 f

301 2579 375 2618 sane
391 2560 459 2618 vitae
475 2561 538 2618 sive
558 2561 689 2637 propriae
709 2562 773 2618 sive
795 2577 901 2618 eorum
918 2574 937 2633 q

301 2659 367 2698 rum
380 2641 511 2716 gerimus
528 2661 640 2714 curam,
657 2642 711 2699 sed
724 2639 829 2714 statui;

343 2723 436 2779 Extra
462 2721 663 2780 occasionem
686 2740 758 2780 vero
781 2732 926 2778 extremae

302 2801 389 2876 quasi
403 2813 546 2861 extremae
559 2802 750 2860 necessitatis
764 2803 863 2860 nullus
877 2799 925 2858 vid
