2172 3174
127 1491 162 1538 II.
176 1489 259 1553 Dese-

158 1567 212 1610 ctus
221 1573 232 1609 .·

114 1655 272 1720 irreligiosi-

168 1733 215 1776 tas.

121 1829 130 1854 1
140 1841 146 1854 .
155 1812 260 1854 Tentatio

168 1865 219 1908 Dei.

276 200 316 252 ,4²
348 199 591 234 officim-Parnon
613 198 735 232 DECALOGI
756 197 922 232 PRAECEPTUM.

284 324 518 402 interrogationi
530 323 675 382 interesse
698 324 770 382 licet
785 323 876 382 etiam
893 341 975 381 mere

285 406 419 484 passive;

326 486 421 560 Quod
436 503 508 542 vero
531 483 570 542 ad
590 485 803 558 magnetismum
826 484 978 540 animalem

286 568 333 626 vel
346 567 550 642 hypnotismum
565 564 680 636 attinet,
694 563 832 639 quamvis
848 564 975 622 effectus

286 649 396 724 plures
412 657 444 703 ut
459 645 538 704 forte
553 643 662 720 aliquis
685 661 813 703 somnus
834 655 864 701 et
879 643 977 702 actio·

286 746 341 786 nes
372 724 514 801 quaedam
546 723 577 782 in
613 723 673 782 isto
707 741 821 783 somno
855 723 976 796 habitae,

286 805 448 884 provenire
474 815 587 880 queant
612 823 650 862 ex
676 803 787 862 viribus
817 823 976 862 cansarum

286 896 466 962 apparenter
497 883 702 942 adhibiturum
736 885 980 955 naturalibus,-

287 985 352 1026 non
364 964 453 1043 pauci
466 976 567 1022 tamen
584 965 711 1022 effectus
727 964 786 1033 alii,
804 963 978 1040 cujusmodi
1037 1037 1040 1042 Ι

287 1057 357 1106 sunt
387 1045 464 1104 mira
497 1044 638 1120 cognitio
674 1044 881 1102 remediorum
914 1043 977 1103 suis

286 1127 456 1188 aliorumve
475 1125 592 1184 morbis
618 1125 888 1197 convenientium,¹
905 1143 977 1182 nec·

286 1225 351 1267 non
380 1205 458 1264 visio
491 1205 648 1264 actionum
684 1205 845 1264 hominum
883 1207 976 1281 longe

286 1286 481 1357 distantium,
533 1285 741 1360 superstitioni
793 1286 980 1344 divinationis

287 1377 373 1426 certo
396 1377 466 1424 sunt
481 1365 644 1423 tribuendi.

327 1500 378 1560 115.
397 1483 525 1539 Tantalio
541 1482 600 1538 Dei
613 1492 657 1539 est
673 1481 789 1539 dictum
802 1483 848 1539 vel
861 1482 976 1539 facturn

288 1582 350 1641 quo
367 1562 434 1638 quis
450 1563 590 1637 explorat
608 1581 681 1618 num
698 1564 779 1620 Deus
796 1561 834 1619 sit
855 1571 976 1637 potens,

287 1643 417 1781 sapignts,
434 1641 609 1700 misericors
634 1653 685 1699 aut
708 1641 767 1700 alia
786 1641 977 1718 perfectione

287 1743 349 1802 prae
375 1744 382 1780 1
399 1741 443 1780 us.

327 1825 381 1882 116.
408 1822 539 1878 Tentare
569 1821 667 1878 Deum
690 1821 876 1892 formaliter,
908 1839 979 1890 cum

288 1920 433 1978 expressa
470 1919 512 1959 sc.
537 1899 710 1960 intentione
745 1899 907 1958 obtinendi
939 1901 978 1958 ab

288 1983 357 2059 ipso
380 1979 660 2039 manifestationem
680 1980 792 2037 divinae
814 1979 979 2056 perfectio·

289 2063 336 2121 nis
348 2062 386 2120 de
399 2080 459 2136 qua
470 2059 631 2132 dubitatur,
640 2072 685 2118 est
696 2072 857 2136 peecatum
869 2072 981 2119 contra

290 2143 382 2201 fidem
398 2142 487 2199 simul
503 2151 594 2215 atque
618 2153 727 2199 contra
743 2141 932 2216 religionem,
949 2151 981 2198 et

290 2221 414 2299 quidem
430 2223 560 2279 mortale
575 2239 613 2278 ex
629 2232 697 2279 toto
722 2241 831 2296 genere
846 2238 916 2292 suo;

330 2302 461 2358 Tentare
490 2311 590 2358 autem
626 2303 724 2358 Deum
754 2303 979 2377 interpretativa,
1067 2305 1085 2346 ·'

290 2381 457 2458 quaerendo
473 2399 592 2456 nempe,
605 2400 659 2457 per
670 2380 804 2439 medium
817 2393 980 2457 praeterna·

290 2463 385 2520 turale
404 2471 433 2519 et
448 2461 563 2536 absque
578 2459 770 2533 necessitate,
797 2464 843 2519 vel
866 2461 980 2521 divinae

290 2540 456 2600 voluntatis
472 2541 761 2614 manifestationem,
778 2544 825 2599 vel
846 2540 928 2618 speci

290 2621 349 2680 Dei
364 2621 519 2692 auxilium,
535 2632 697 2697 peccatum
713 2634 758 2679 est
781 2633 889 2680 contra
911 2641 924 2680 r

290 2701 416 2778 gionem
438 2713 528 2776 atque
544 2704 673 2760 mortale
689 2721 728 2760 ex
743 2721 853 2779 genere
875 2721 932 2761 suo

331 2782 392 2840 Sed
407 2781 458 2840 ille
480 2793 595 2839 tentare
610 2785 709 2840 Deum
723 2802 787 2843 non
804 2785 931 2842 censen(
