2172 3174
342 211 543 246 meminimus.
773 208 789 256 9

99 341 235 399 internus
259 337 462 396 moralitatem
479 337 571 395 habet
587 356 641 412 per
655 356 687 393 se
702 347 732 393 et
747 335 790 392 in·

100 421 230 502 trinsece
253 419 310 476 sibi
331 418 540 487 inhaerentem,
557 429 700 476 externus
716 434 789 474 vero

100 502 259 559 dumtaxat
274 519 327 575 per
341 498 545 557 extrinsecam
562 496 790 556 denominatio-

101 601 169 640 nem
192 579 295 660 liberae
321 578 486 638 voluntatis
506 599 523 635 a
543 597 602 653 qua
617 577 790 653 imperatur.

139 735 180 789 19·
206 715 247 772 Ut
262 723 348 774 actus
363 709 463 787 agenti
480 711 645 786 imputetur
667 711 705 768 ad
729 671 963 776 lau-ini‘niin1n12

101 795 171 852 dem
198 807 249 851 aut
282 791 471 867 vituperium,
502 793 541 850 ad
574 792 713 850 meritum
743 792 790 849 vel
858 789 910 820 ms.

99 874 290 948 demeritum,
315 891 379 931 non
405 872 517 930 sufficit
542 873 665 930 libertas
687 893 706 929 α
729 891 790 928 coa·
807 863 969 925 Magnum,

99 959 194 1025 ctione,
208 956 262 1012 sed
276 951 435 1028 requiritur
447 951 570 1010 libertas
582 955 792 1026 indifferentise

100 1037 145 1092 vel
170 1035 318 1103 electionis,
354 1053 406 1092 seu
441 1032 617 1092 immunitas
640 1033 678 1090 ab
704 1033 788 1090 omni

100 1114 369 1184 determinatione,
402 1125 465 1170 tum
495 1115 698 1172 antecedente
728 1126 790 1170 tum

99 1193 341 1263 concomitante,
369 1213 436 1268 quae
462 1195 500 1252 ab
536 1193 602 1270 ipsa
632 1196 790 1252 voluntate

98 1293 163 1348 non
177 1275 327 1350 procedat
343 1290 347 1330 :
361 1274 412 1332 ille
428 1275 541 1332 etenim
557 1295 615 1332 nec
630 1274 720 1331 laude
733 1292 791 1330 nec

98 1353 251 1430 vituperio
273 1354 383 1430 dignus
409 1367 463 1426 est,
486 1375 580 1429 aquo
597 1373 660 1412 non
677 1354 791 1428 pendet

98 1453 216 1512 ponere
232 1446 282 1492 aut
297 1454 359 1493 non
376 1453 493 1510 ponere
508 1455 595 1493 suum
608 1447 719 1492 actum.

140 1571 185 1608 20.
224 1551 343 1608 Gradus
382 1550 625 1626 imputabilitatis
665 1549 789 1607 immani

100 1643 186 1688 actus
203 1631 241 1688 ad
262 1629 400 1687 meritum
419 1633 464 1687 vel
481 1629 660 1687 demeritum
678 1631 790 1704 denen·

102 1711 154 1770 det
179 1722 243 1781 tum
269 1711 417 1768 amentis
443 1709 632 1768 advertentia
648 1711 686 1766 ad
709 1709 790 1767 illius

99 1790 271 1850 bonitatem
287 1802 338 1848 aut
350 1791 505 1861 malitiam,
518 1803 580 1848 tum
594 1811 611 1848 a
623 1790 721 1848 libero
737 1807 790 1847 vo-

99 1871 224 1929 luntatis
240 1889 396 1930 consensu
412 1889 417 1928 1
433 1872 462 1929 in
478 1883 593 1930 tantum
610 1871 691 1928 enim
704 1881 790 1928 actus

100 1951 190 2009 alicui
218 1952 415 2026 imputandus
441 1965 485 2010 est
510 1953 549 2009 ad
574 1953 713 2030 meritum
743 1953 790 2008 vel

100 2031 290 2099 demetitum,
326 2032 357 2090 in
388 2045 533 2106 qnantum
566 2031 618 2090 ille
646 2032 790 2090 dominio

100 2112 212 2186 gaudet
227 2111 257 2168 in
274 2114 364 2170 talem
380 2125 495 2183 actum;
520 2111 692 2171 dominium
717 2129 789 2169 vero

100 2202 200 2248 totum
213 2193 353 2266 provenit
366 2212 402 2250 ex
415 2191 589 2251 intellectus
601 2191 791 2252 advertentia

98 2281 127 2330 et
142 2271 241 2330 libero
259 2273 425 2331 voluntatis
440 2292 605 2332 consensu.

137 2416 173 2453 21.
197 2396 256 2468 Qui
284 2396 416 2454 scienter
441 2408 470 2454 et
496 2397 590 2454 libere
611 2396 701 2472 ponit
721 2417 789 2454 can·
807 2409 967 2474 ltlnspecie.

98 2494 171 2545 sam,
189 2494 228 2533 eo
252 2475 321 2552 ipso
338 2489 367 2534 et
382 2476 506 2551 quidem
523 2479 636 2535 eodem
663 2477 788 2534 instanti
827 2497 945 2546 Effectus

159 2555 273 2629 titatem
302 2558 347 2613 vel
382 2557 530 2615 malitiam
562 2559 689 2615 effectus
716 2576 789 2615 con·
828 2568 950 2632 simplex,

159 2635 195 2706 iit,
226 2636 290 2693 sive
312 2636 362 2695 hic
388 2649 538 2712 sequatur,
569 2637 632 2695 sive
654 2655 718 2695 non
745 2657 789 2695 se·

161 2725 229 2774 tur:

171 2807 179 2853 t
195 2807 297 2854 tamen
310 2798 437 2854 effectus
453 2799 551 2854 malus
567 2794 610 2853 ilii
627 2796 792 2870 imputetur
