2190 3174
285 201 317 262 78
341 213 609 250 ornem-serrium
629 215 752 249 oncrronr
765 183 941 250 'panormum
969 193 973 206 '

110 349 273 404 aQuoordine.
327 359 382 415 ²13·
406 340 467 414 Qui
489 341 635 400 omnibus
651 339 854 399 creditoribus
870 337 979 413 nequit

286 420 470 493 satisfacere,
502 421 606 480 debita
630 423 693 479 hoc
717 420 827 480 ordine
857 421 979 478 solvere

286 511 426 558 tenetur:

326 601 346 638 1.
373 579 584 640 Creditoribus
596 582 801 658 privilegiatis,
817 583 905 656 juxta
919 578 980 655 pri·

285 659 387 737 vilegii
403 660 594 736 qualitatem;

325 761 348 798 2.
374 740 494 799 Deinde
518 743 731 818 hypothecariis,
754 751 876 798 servato
903 749 980 798 tem·

285 819 370 896 poris
386 820 510 894 ordine,

323 920 349 975 3.
366 903 527 959 Demumc
545 902 703 957 mmunibus
719 899 924 958 creditoribus
938 933 978 942 -

285 991 314 1038 et
330 980 454 1055 quidem
478 1001 512 1057 pr
536 980 667 1038 babillus
693 997 783 1054 aequo
803 981 876 1055 jure,
893 980 978 1036 nulla

285 1061 389 1118 habita
414 1060 532 1119 ratione
555 1060 618 1118 sive
633 1061 762 1118 fortunae
787 1060 978 1118 creditorum

283 1157 439 1216 prosperae
455 1153 506 1199 aut
530 1141 656 1211 miserae,
673 1140 736 1198 sive
754 1159 854 1198 causae
879 1138 977 1196 debiti

284 1239 323 1278 ex
338 1231 500 1279 contractu
521 1233 572 1279 aut
587 1239 625 1279 ex
641 1189 767 1289 delicto,
781 1219 845 1278 sive
858 1230 978 1294 tempo·

283 1300 324 1360 ris
346 1319 408 1376 quo
431 1301 568 1359 debitum
584 1311 778 1360 contractum
794 1300 859 1357 fuit.

324 1427 381 1478 214.
403 1409 450 1465 Ex
466 1407 721 1483 cooperatoribus
738 1407 789 1482 qui
812 1408 841 1463 in
855 1407 977 1463 solidum

285 1487 468 1562 obligantur,
505 1486 678 1545 secundarii
718 1487 876 1544 restituere
912 1503 977 1545 non

284 1577 426 1625 tenentur
465 1566 523 1625 nisi
557 1565 771 1628 deficientibus
813 1566 979 1642 primariis,

286 1648 367 1723 apud
391 1664 470 1722 quos
493 1649 541 1722 jus
566 1666 598 1705 se
620 1647 844 1723 compensandi
861 1665 982 1722 semper

285 1728 423 1786 habent:

324 1806 514 1883 Regulariter
534 1807 625 1883 igitur
640 1806 795 1865 restituere
818 1806 931 1864 debet:

324 1909 345 1946 1.
369 1886 470 1944 Primo
500 1888 574 1946 loco
601 1887 652 1944 ille
678 1886 729 1961 qui
754 1906 816 1944 rem
843 1887 977 1944 ablatam

284 1969 399 2040 detinet,
426 1969 474 2024 vel
495 1967 526 2024 in
549 1966 704 2044 propriam
736 1966 896 2024 utilitatem
926 1978 978 2024 aut

285 2049 392 2107 saltem
416 2046 544 2104 nomine
560 2046 686 2122 proprio
702 2048 885 2122 consumpsit,-

325 2148 348 2185 2.
372 2126 501 2198 Dehinc,
517 2128 673 2192 mundaum

324 2227 349 2282 3.
374 2209 494 2277 Postea,
510 2214 613 2282 raptor
635 2226 688 2264 seu
712 2213 858 2273 executor,-

324 2309 351 2358 4.
368 2286 498 2356 Exinde,
512 2286 612 2345 caeteri
626 2297 847 2362 cooperatores
857 2288 980 2360 positivi

285 2367 455 2425 secundum
468 2366 638 2425 efficaciam
655 2366 700 2424 sui
716 2366 860 2439 influxus,

324 2464 348 2523 5.
374 2447 513 2504 Tandem
527 2447 669 2522 denique,
684 2446 741 2522 ipsi
754 2456 977 2521 cooperatores

283 2529 417 2601 negativi.

109 2663 129 2700 4.
142 2649 269 2700 Quomodo.
323 2649 378 2708 215.
401 2631 566 2691 Restitutio
589 2631 652 2689 fieri
679 2633 758 2689 valet
783 2631 880 2690 modo
903 2649 979 2706 quo-

284 2731 415 2787 cumque
428 2713 466 2770 ad
480 2712 597 2770 libitum
612 2711 806 2781 restituentis
820 2711 912 2769 etiam
925 2729 979 2786 per

284 2792 457 2851 simulatam
487 2792 811 2866 donationem;-sed
844 2809 978 2868 persona
