2172 3174
392 195 492 230 unauna
762 195 788 247 15

135 324 218 398 Ergo
247 342 266 378 1.
291 321 437 380 adhibere
458 331 584 391 tenetur,
609 336 637 380 ct
664 323 789 397 quidem

96 401 274 462 necessario
290 413 380 476 atque
394 404 551 477 subgravi,
569 404 625 460 sub
641 423 735 478 poena
747 423 790 462 sc.

97 485 188 541 finem
219 481 360 540 ultimum
385 481 554 554 amittendi,
583 483 686 541 'media
722 502 791 558 quae

95 581 221 640 prorsus
244 573 313 620 sunt
337 562 510 620 necessaria
535 571 566 621 ut
590 565 681 620 finem
708 565 791 622 hunc
815 599 818 606 =

98 643 251 710 obtineat;
547 705 550 713 Δ

137 745 160 781 2.
185 721 342 783 Adhibere
354 721 454 794 debet,
467 741 531 781 non
545 743 618 781 sane
631 723 672 780 ita
685 743 791 781 neces·

97 803 188 872 satin,
211 803 266 860 sed
287 804 338 859 sub
357 803 420 872 levi,
445 804 500 861 sub
526 824 620 879 poena
647 803 791 862 videlicet

1 909 2 914 ¹
95 883 313 942 retardationis
329 883 360 940 in
377 885 435 940 fine
452 903 508 941 suo
524 885 729 958 assequendo,
755 904 791 942 ea

86 964 201 1044 'media
216 964 282 1020 sine
305 963 413 1038 quibus
429 975 531 1038 potest
551 965 694 1040 profecto
709 983 790 1023 asse·

1 1100 5 1116 ,
96 1044 148 1120 qui
165 1046 266 1116 finem,
284 1053 465 1102 nontamen
483 1045 596 1119 absque
612 1044 789 1103 deviatione

96 1127 345 1278 al12ua<dhibere
364 1173 470 1279 ¹potest
492 1205 607 1280 absque
627 1207 688 1262 ulla
714 1205 790 1264 obli-

1 1277 5 1350 ἶ.
96 1284 231 1361 gatione,
249 1285 387 1358 quamvis
409 1286 583 1342 laudabilius
602 1297 632 1342 et
653 1305 715 1342 cum
730 1305 791 1342 ma-

1 1355 3 1415 Ϊ
88 1367 155 1439 jori
176 1366 283 1436 merito,
315 1383 350 1422 ea
378 1363 479 1422 media
512 1383 580 1439 quae
616 1365 723 1422 melius
761 1376 790 1422 et
826 1403 830 1412 -

96 1444 261 1520 perfectius
297 1454 414 1502 tantum
450 1444 535 1504 illum
573 1446 611 1502 ad
647 1445 788 1503 eumdem

98 1527 190 1582 finem
220 1525 345 1599 ducunt,
378 1524 552 1602 cujusmodi
579 1536 649 1598 sunt
673 1527 793 1582 consilia

98 1607 278 1680 evangelum

138 1687 202 1760 Jam
228 1703 300 1743 vero
325 1686 408 1745 Deus
422 1683 489 1761 ipse
504 1684 572 1742 finis
593 1695 638 1742 est
653 1684 793 1744 hominis

99 1765 231 1832 ultimus
249 1765 299 1839 qui
312 1765 419 1842 attingi
435 1765 541 1840 nequit
555 1765 613 1822 nisi
636 1785 674 1824 eo
691 1765 789 1824 modo

99 1863 162 1920 quo
179 1847 263 1902 Deus
280 1847 342 1902 vult
356 1845 486 1921 attingi:

138 1927 207 1984 Deo
231 1923 321 2000 igitur
331 1927 513 2000 precipienti
534 1926 631 1984 homo
662 1925 792 1984 obedire

99 2015 227 2074 tenetur,
245 2016 274 2062 et
286 2005 409 2080 quidem
426 2007 481 2064 sub
497 2005 579 2081 gravi
592 2008 639 2064 vel
654 2006 709 2064 sub
721 2005 789 2078 levi,

99 2097 189 2160 prout
206 2087 288 2143 Deus
304 2087 359 2142 sub
374 2085 455 2162 gravi
472 2088 519 2143 vel
534 2087 590 2143 sub
612 2086 669 2143 levi
685 2085 793 2161 praeci·

100 2165 269 2240 pit;-l')e0
282 2177 382 2227 autem
395 2169 550 2223 consulenti
563 2177 679 2225 tantum
693 2167 792 2224 homo

100 2245 282 2304 laudabilius
298 2258 327 2303 et
343 2267 412 2304 cum
424 2246 532 2321 majori
548 2245 657 2304 merito
674 2245 791 2304 obedit.

133 2385 184 2455 ¹36.
208 2383 291 2438 Deus
307 2401 391 2438 suam
408 2380 582 2438 manifestat
601 2383 791 2438 voluntatem

100 2471 162 2519 tum
194 2463 374 2518 naturaliter·
393 2481 446 2536 per
478 2461 633 2518 dictamen
660 2461 790 2519 rationis

169 2555 225 2599 atae
251 2543 297 2598 vel
323 2561 376 2616 per
396 2541 550 2616 publicam
577 2540 790 2598 auctoritatem

161 2621 274 2690 imam,
292 2633 355 2678 tum
370 2622 629 2696 supernaturaliter
642 2641 695 2695 per
710 2640 791 2679 reve·

173 2721 257 2769 nem,
282 2701 345 2759 sive
361 2701 536 2758 immediate
556 2720 609 2775 per
634 2721 665 2758 se
681 2701 789 2776 ipsum,

180 2781 312 2838 mediate
327 2801 380 2856 per
396 2781 601 2858 magisterium
618 2781 766 2839 Ecclesiae
783 2797 789 2838 :
