2172 3174
120 562 144 612 3.
162 551 279 599 Delecta-

175 621 220 671 tio.

122 1407 156 1454 II.
179 1404 280 1469 Capita-

185 1476 227 1524 lia.

146 2635 257 2676 Ebrietas.
274 2653 276 2660 ⁴

292 197 328 247 30
463 199 816 234 Puotattouenn.-Pttccarn.

295 325 366 383 dere
379 335 480 382 tamen
494 325 532 382 de
545 344 583 383 eo
599 324 672 382 licet
684 325 768 399 quod
781 325 895 382 malurn
907 341 988 399 opus

295 407 439 464 effectum
452 405 568 464 bonum
586 403 765 464 causaverit.

335 544 379 614 85.
403 538 577 596 Delectatio
607 555 741 608 morosa,
770 557 823 596 seu
849 539 987 614 compla-

295 619 396 679 centia
417 619 592 689 deliberata,
620 635 685 676 uon
707 617 832 692 quidem
858 619 896 674 de
921 617 988 693 ipsa

295 701 337 759 rei
362 701 450 757 malae
487 698 687 774 cogitatione,
721 698 774 756 sed
804 699 843 755 de
867 717 897 755 re
921 697 988 773 ipsa

295 780 460 838 intrinsece
493 781 573 836 mala
605 778 742 854 cogitata
780 789 820 852 et,
841 789 987 852 tanquam

295 875 445 938 praesente
477 859 614 917 exhibita
638 879 692 934 per
720 858 985 934 imaginationem,

295 943 420 1015 absque.
438 939 602 1012 desiderio,
626 950 671 996 est
686 940 986 1014 peccatum-cujus

296 1021 415 1096 species
428 1031 456 1077 et
469 1018 598 1095 gravitas
611 1019 854 1077 diversificantur
867 1018 987 1076 ratione
1064 1038 1067 1046 ¹

296 1103 488 1175 objectorum
515 1099 607 1157 menti
635 1099 851 1170 exhibitorum,
868 1099 933 1158 imo
957 1107 986 1156 et

296 1181 414 1240 ratione
430 1179 733 1250 circumstantiarum,
747 1179 771 1237 si
783 1179 849 1238 istae
862 1197 987 1254 quoque

297 1263 454 1337 objectum
470 1260 530 1318 sint
546 1259 772 1318 delectationis.

337 1391 382 1446 86.
396 1385 547 1461 Capitalia
561 1385 703 1444 dicuntur
714 1395 842 1460 peccata
854 1383 906 1442 illa
918 1403 986 1459 quae

296 1479 365 1526 sunt
391 1466 483 1524 veluti
509 1465 609 1541 capita
628 1477 658 1522 et
678 1466 779 1522 fontes
805 1475 987 1522 caeterorum

295 1557 495 1624 peccatorum
511 1562 516 1602 :

336 1630 401 1702 Jam
427 1644 500 1683 vero
530 1624 664 1700 quinque
689 1644 728 1684 ex
753 1624 813 1682 illis
839 1635 909 1681 sunt
935 1644 985 1699 ap-

296 1707 407 1784 petitus
433 1705 626 1764 inordinatus
643 1707 823 1780 z—superbia
850 1703 985 1778 quidem,

296 1786 428 1864 propriae
455 1784 763 1858 excellentia-ira,
794 1784 987 1854 vindictae,—

296 1869 426 1938 luxuria,
439 1866 481 1924 rei
494 1866 759 1936 venereae-gula,
772 1865 832 1922 cibi
845 1877 874 1922 et
886 1876 987 1940 potuS,

296 1949 473 2016 —avaritia
495 1947 650 2004 bonorum
671 1944 898 2019 ternporalium3

338 2027 407 2084 Alia
438 2027 501 2084 duo
536 2026 703 2100 important
736 2025 929 2082 aversionem
968 2044 986 2081 a

297 2109 393 2178 bono,
421 2108 533 2164 invidia
557 2124 608 2178 sc,
633 2124 700 2181 quae
727 2116 773 2163 est
801 2103 922 2162 tristitia
948 2104 987 2161 de

298 2187 422 2246 alterius
434 2188 603 2256 bono—et
617 2188 721 2255 acedia,
742 2197 866 2261 quaeest
880 2196 990 2259 torpor

297 2267 408 2326 mentis
428 2287 463 2324 ac
486 2266 627 2324 debilitas
650 2265 817 2323 voluntatis
835 2264 986 2340 usquead

298 2347 453 2406 fastidium
470 2366 567 2404 rerum
582 2345 782 2420 spiritualium
797 2362 803 2402 2

337 2431 375 2485 Et
387 2426 493 2485 omnia
508 2446 546 2484 ex
557 2445 667 2502 genere
680 2444 736 2483 suo
750 2423 892 2483 mortalia
907 2434 986 2496 sunt,

297 2507 322 2566 si
339 2507 495 2565 avaritiam
511 2519 540 2564 et
555 2508 655 2582 gulam
673 2507 751 2564 forte
767 2504 915 2580 excipias.

337 2626 381 2696 87.
403 2621 541 2680 Ebrietas
566 2621 626 2695 illa,
648 2640 714 2695 quae
735 2631 780 2679 est
795 2638 940 2678 excessus

297 2713 372 2779 potu
385 2703 551 2760 deliberate
564 2701 715 2760 admissus
731 2720 770 2758 ex
785 2700 879 2775 ipsius
895 2711 956 2775 pou

298 2785 454 2860 voluptate
492 2802 587 2856 usque
627 2782 665 2839 ad
701 2779 824 2857 plenam
858 2780 964 2838 ration.
