2172 3174
309 181 344 228 60
365 193 631 229 ornum-summurn
651 193 774 228 unctioni
796 193 962 228 rnncunrurr.

348 322 387 378 Et
398 320 472 378 hinc
484 321 612 378 habetur
626 322 671 378 vel
681 322 728 395 jus
741 319 771 377 in
782 340 821 392 rc,
835 319 920 396 quod
933 339 996 378 rem

308 399 441 475 aliquam
457 399 547 458 alicui
563 400 734 459 obnoxiam
751 399 824 458 facit
846 411 937 476 atque
952 399 997 458 illi

307 479 412 538 tribuit
426 479 582 538 actionem
597 481 809 552 realem-vel
822 483 870 556 jus
885 482 998 537 adrem

308 560 394 634 quod
415 561 508 618 alium
528 560 618 618 alicui
636 560 799 636 obstringit
815 561 853 618 ad
879 560 996 635 aliquid

307 641 452 710 dandum,
470 639 644 698 faciendum
660 643 707 698 uel
726 641 942 714 omittendum,
967 651 997 698 et

307 719 464 779 actionem
477 731 593 778 tantum
608 723 802 796 personalem
819 721 931 778 tribuit.

150 864 174 902 2.
191 850 272 916 obje-
347 849 404 921 165.
427 845 590 922 Objectum
614 845 738 920 justitiae
767 855 813 904 est
835 845 996 921 jus;-ob-

174 929 250 972 ctum.
303 926 418 1001 jectum
441 937 541 984 autem
564 925 637 1000 juris
662 938 707 984 est
728 927 774 983 vel
797 926 863 1002 ipse
889 927 997 997 horn0,

306 1005 447 1064 nimirum
474 1005 567 1082 ipsius
589 1005 657 1078 vita,
674 1007 882 1066 membrorum
908 1005 996 1064 inco-

306 1084 436 1156 lumitas
452 1085 575 1144 libertas
591 1096 641 1143 aut
656 1085 798 1162 dignitas,
815 1087 862 1144 vel
878 1084 913 1142 ea
929 1105 997 1160 quae

217 1239 219 1244 ¹
291 1163 426 1226 ,homini
466 1178 551 1224 extra
586 1165 684 1242 ipsum
718 1177 899 1242 competunt
932 1167 998 1240 jure

306 1246 433 1304 naturali
447 1257 497 1304 aut
511 1245 657 1323 positiv0,
671 1266 780 1322 nempe
795 1246 881 1304 bona
892 1245 995 1304 existi-

306 1325 401 1385 matio
424 1336 542 1401 autres
557 1327 750 1402 temporales.

346 1453 405 1529 ιόῤ.
421 1449 540 1526 Justitia
554 1449 699 1508 dividitur
712 1449 742 1508 in
759 1452 886 1525 legalem,
899 1451 997 1506 distri·

306 1531 431 1588 butinam
459 1540 488 1587 et
509 1533 736 1588 commutatiuam
759 1541 849 1606 prout
868 1529 998 1588 inclinat

305 1612 353 1668 vel
366 1610 448 1668 cives
464 1610 502 1667 ad
519 1609 635 1686 legibus
647 1610 823 1686 reipublicae
835 1611 994 1685 obtempe-

305 1690 443 1761 randum,
460 1691 506 1747 vel
522 1690 690 1766 principem
703 1691 741 1747 ad
757 1690 880 1766 publicu
891 1689 997 1748 munia

305 1769 423 1828 civibus
439 1789 525 1845 aeque
541 1769 759 1841 distribuenda,
773 1773 819 1828 vel
833 1789 942 1829 omnes
956 1771 996 1828 ad

303 1853 351 1927 jus
377 1849 480 1908 stricte
502 1862 663 1926 acceptum
686 1870 757 1927 erga
780 1861 909 1909 caeteros
935 1869 997 1908 ser·

305 1931 453 2001 vandum;

344 2012 409 2085 Jam
425 2027 497 2068 vero
514 2027 629 2068 nomen
653 2010 785 2086 justitiae,
810 2011 895 2086 quod
915 2013 997 2087 lega·

305 2089 344 2149 lis
360 2090 410 2148 vix
423 2102 560 2162 meretur,
575 2090 795 2149 commutativa
806 2091 837 2148 in
850 2090 995 2149 strictiori
1079 2099 1081 2148 t

305 2189 395 2230 sensu
411 2171 479 2228 sola
494 2169 551 2227 sibi
564 2170 697 2242 obtinet;

344 2252 400 2309 Illa
411 2261 511 2308 autem
525 2269 592 2325 quae
604 2252 780 2308 ut'ndz'cutiva
795 2261 996 2327 nuncupatur,

304 2332 343 2390 ab
358 2330 424 2388 aliis
446 2329 549 2405 specie
572 2349 636 2389 nou
654 2330 763 2403 differt,
788 2331 843 2389 sed
863 2349 995 2406 scopum

306 2411 400 2468 habet
416 2409 575 2468 laesionem
592 2410 750 2486 reparandi
767 2413 813 2468 vel
830 2409 935 2486 legalis
947 2412 996 2468 vel

305 2490 534 2550 commutativae
549 2509 587 2548 ex
604 2490 774 2566 Superioris
790 2491 938 2549 mandato

129 2638 155 2684 4.
175 2624 289 2690 Obliga·
345 2618 401 2689 167.
424 2615 578 2688 Quaelibet
598 2615 723 2691 justitiae
746 2615 864 2692 species
887 2635 937 2692 per

189 2696 235 2746 tio.
304 2695 360 2752 sub
386 2695 468 2770 gravi
498 2695 750 2772 obligat;—onus
779 2707 882 2756 tamen
911 2715 941 2754 re

304 2774 409 2832 tuendi
425 2793 489 2834 non
505 2775 661 2834 inducitur
682 2776 740 2835 nisi
758 2776 877 2836 ratione
899 2777 941 2835 vic
