2172 3174
357 212 546 248 votuuruuruu.
784 210 798 259 3

106 357 163 414 que
185 338 392 398 voluntarium
421 359 477 414 pro
505 339 602 398 libero
630 349 797 414 usurpatur,

34 433 36 439 ’
104 420 168 478 imo
185 431 215 477 et
230 419 358 476 liberum
374 439 430 496 pro
446 419 516 495 ipso
531 419 649 478 morali.

145 557 172 611 6.
197 552 414 610 Voluntarium
430 554 594 628 simpliciter
608 564 800 627 nuncupatur
815 553 847 599 ll·
876 550 971 635 νοζζικ-

106 631 257 708 quidquid
274 653 291 689 a
306 634 465 690 voluntate
487 633 652 690 efficaciter
667 632 799 690 intendi·
863 630 929 706 taen·

106 725 160 785 tur,
179 713 243 770 sive
265 712 345 770 adsit
370 711 433 770 sive
448 731 513 771 non
538 713 617 770 adsit
636 712 798 770 inclinatio
835 701 948 759 pamm·

106 794 134 851 in
153 793 420 868 oppositum;——et
433 791 635 851 voluntarium
649 795 799 850 secundum

105 875 179 948 quid
190 885 316 943 tantum,
333 872 408 931 illud
420 873 459 929 ad
472 873 556 947 quod
573 891 678 947 reapse
691 875 798 930 volun·

106 967 151 1012 tas
174 952 348 1022 inclinatur,
366 953 450 1026 quod
467 963 568 1010 tamen
585 971 647 1012 non
666 953 799 1011 efficaci·

106 1045 150 1092 ter
176 1033 353 1103 intenditur,
380 1052 437 1090 nec
460 1033 591 1107 proinde
614 1033 654 1104 fit,
682 1033 752 1107 quia
767 1033 797 1091 in

104 1112 157 1172 tali
173 1113 322 1188 adjuncto
336 1111 514 1190 oppositum
528 1112 623 1188 magis
637 1115 739 1188 placet
752 1129 798 1170 :--

105 1193 187 1252 unde
210 1194 438 1251 involuntarium
463 1195 613 1250 secundum
633 1193 706 1268 qnid
723 1193 799 1251 illud
845 1197 847 1202 “

105 1273 225 1332 dicetur
265 1273 350 1347 qnod
389 1274 546 1330 voluntate
583 1272 800 1332 conditionata

19 1353 30 1379 '⁴
105 1356 205 1412 homo
221 1364 382 1424 aversatur,
399 1353 540 1411 absoluta
556 1365 656 1411 tamen
684 1364 714 1410 et
737 1355 799 1410 elfi-

2 1464 19 1498 ψ
107 1435 173 1492 caci
198 1435 357 1492 voluntate
379 1433 581 1508 amplectitur,
598 1435 733 1508 ideoque
754 1433 799 1491 in-

104 1512 312 1574 voluntarium
343 1514 493 1570 secundum
525 1516 598 1588 quid
629 1515 717 1572 simul
754 1524 799 1571 est

106 1593 313 1654 voluntarium
344 1594 517 1670 simpliciter,
550 1615 575 1651 v.
599 1613 625 1670 g.
652 1593 799 1652 mercium

105 1673 259 1750 projectio
280 1673 309 1730 in
326 1693 408 1730 mare
431 1673 610 1731 imminente
626 1675 799 1750 naufragio;

146 1753 362 1812 Voluntarium
388 1756 525 1811 dz'rectum
549 1773 601 1812 seu
626 1755 656 1810 in
675 1773 703 1810 se
723 1755 799 1811 illud

106 1845 236 1891 vocatur
256 1834 341 1907 quod
357 1833 514 1892 inordine
537 1833 718 1892 intentionis
744 1834 799 1890 im-

1 1953 5 1964 .
59 1975 64 1986 ,
104 1913 273 1970 mediatum
295 1925 340 1970 est
363 1915 519 1989 objectum
536 1914 710 1984 voluntatis,
727 1913 800 1971 licet

103 1993 184 2051 sorte
198 2003 351 2050 remotum
367 1993 450 2050 sitin
467 1993 661 2051 executionis
675 1993 799 2065 ordiue;

105 2074 317 2130 *indirectum
334 2092 386 2130 seu
398 2075 427 2128 in
442 2075 508 2144 alin,
524 2073 599 2130 illud
615 2074 701 2146 quod
715 2091 799 2129 secu·

106 2165 206 2210 turum
223 2152 406 2226 praevidetur
421 2171 459 2210 ex
476 2153 537 2211 alio
554 2153 670 2211 directe
686 2152 798 2225 volit0;

147 2235 280 2290 Demnm
297 2231 501 2291 voluntarium
518 2233 628 2291 dicitur
641 2234 761 2304 actuale,
774 2231 799 2289 si

107 2306 125 2370 'a
140 2315 298 2372 voluntate
314 2313 462 2389 procedat
482 2313 639 2371 actualiter
653 2313 800 2370 influente

107 2393 277 2468 etquidem
295 2413 364 2451 curn
380 2393 601 2452 deliberatione
623 2414 707 2451 nunc
729 2405 798 2450 actu

107 2473 432 2547 habita;—-virtuale‚si
447 2474 472 2530 vi
487 2485 571 2530 actus
587 2473 667 2548 prius
684 2474 799 2530 delibe-

189 2553 323 2628 positi‚et
337 2554 367 2610 iu
382 2566 522 2630 agentem
536 2553 659 2610 influere
672 2573 798 2629 pergen·

172 2633 536 2706 moveniat3-liulu'tunle,
550 2633 572 2691 si
587 2634 661 2691 olim
674 2633 798 2708 quidem

200 2713 319 2772 rolitum
342 2724 370 2770 et
386 2725 494 2788 postca
519 2725 710 2771 retractatum
733 2731 796 2771 non

208 2795 479 2868 -inleiprelatiamu,
501 2793 523 2849 si
542 2795 680 2868 prmsurni
708 2802 797 2869 queat
