2172 3174
245 195 363 241 uonnus,
383 195 503 242 amsans,
522 195 648 232 ramnus.
764 196 794 248 25

100 319 178 379 ximi
204 332 257 380 aut
280 321 406 381 socialis
432 321 724 395 ordinis;-caeterae
755 323 794 382 ad

2 468 3 484 ,
100 402 225 476 eulpam
250 421 316 461 uon
342 403 483 461 videntur
512 401 649 479 obligare
665 403 725 461 nisi
754 405 794 461 le·

99 480 231 558 gislator
245 482 321 542 illud
337 482 409 542 satis
425 483 617 559 expresserit.

2 635 3 656 ,
142 585 190 640 68.
212 584 248 639 In
271 582 474 642 materiatum
489 581 572 640 civili
587 591 651 640 tum
670 599 795 657 praeser·
852 591 935 653 2.,Νοιι

2 663 3 666 ’
99 661 155 720 tim
181 663 406 736 ecclesiastiea,
432 663 610 733 consuetudo,
633 661 732 720 modo
757 659 796 720 sit
843 651 937 694 ΜΨ·

2 805 8 829 ι
98 741 294 803 rationabilis
323 752 353 801 et
377 739 395 801 a
422 745 539 819 maiore
564 741 795 801 communitatis

98 833 185 898 parte
199 822 328 882 inducta
346 842 400 899 per
421 834 507 881 actus
531 824 629 899 longo
654 837 794 900 tempore

2 931 5 952 ν
99 903 259 980 repetitos,
271 913 374 980 potest
388 921 427 961 ex
440 921 595 962 consensu
610 904 794 980 legislatoris

99 1001 216 1042 novam
239 986 336 1060 legem
359 983 514 1055 inducere,
542 993 632 1058 atque
661 995 794 1044 veterem

100 1063 262 1140 abrogare,
275 1063 454 1123 modificare
477 1066 524 1122 vel
540 1063 728 1140 interpretari
746 1082 794 1122 :--

2 1143 7 1238 ᾖν
96 1146 158 1219 jam
182 1162 257 1218 vero
280 1143 464 1203 decennium
480 1145 648 1220 generatim
675 1157 707 1204 ut
726 1148 794 1205 lon·

2 1291 4 1310 ,
97 1243 171 1300 gum
186 1235 308 1300 tempus
329 1235 491 1301 reputatur.

2 1406 3 1416 ,
139 1354 186 1424 69.
209 1349 345 1409 Ratione
360 1349 487 1408 effeetus
503 1353 553 1410 lex
566 1362 612 1410 est
626 1353 674 1410 vel
689 1351 794 1428 praeci·
809 1361 842 1408 ll.
863 1359 973 1410 Ratione

96 1429 186 1506 piens
209 1441 261 1488 aut
288 1429 466 1508 prohibens,
497 1432 638 1508 obligans
662 1432 794 1508 proinde
827 1431 942 1494 effictus.

97 1511 137 1568 ad
150 1513 273 1586 eulpam
287 1521 338 1570 aut
350 1513 457 1570 saltem
470 1513 508 1570 ad
520 1531 657 1588 poenam,
671 1513 792 1572 acideo

97 1591 226 1650 moralis
242 1601 293 1649 aut
312 1591 545 1668 poenalis—vel
570 1593 793 1668 irritans—vel

95 1669 305 1747 privilegians.

138 1789 184 1845 70.
208 1769 319 1828 Omnis
332 1771 382 1827 lex
396 1772 522 1840 moralis,
539 1790 591 1828 seu
607 1771 646 1828 ad
670 1773 791 1848 culpam
808 1791 827 1825 1.
848 1776 971 1826 Moralis.

97 1849 252 1926 obligans,
269 1869 389 1925 semper
404 1869 508 1908 secum
529 1850 675 1926 importat
698 1863 792 1912 trans·

95 1929 290 2007 gressoribus
316 1930 506 1988 subeundam
535 1933 601 1990 'esse
626 1951 752 2008 poenam
775 1955 793 1992 a

95 2012 167 2070 Deo
183 2010 383 2086 infligendam
391 2010 465 2082 ;-si
488 2031 560 2070 vero
576 2013 728 2071 humanus
750 2015 791 2072 le·

2 2137 3 2159 2
67 2097 71 2102 '
95 2089 227 2168 gislator
248 2092 373 2148 alteram
387 2110 515 2166 poenam
530 2093 724 2168 superaddat,
741 2095 791 2152 lex

95 2171 218 2230 dicetur
237 2172 313 2227 mixi
333 2219 338 2230 .

136 2287 175 2344 71.
198 2271 318 2334 Dantur
334 2271 416 2346 leges
432 2289 514 2328 mere
528 2272 663 2346 penales,
686 2271 725 2330 ad
750 2274 791 2331 al·
807 2287 830 2324 2·
841 2275 968 2326 Poenalis..

85 2359 242 2408 'terutrum
266 2368 309 2408 se.
333 2349 516 2427 obligantes,
538 2353 585 2410 vel
611 2353 650 2412 ad
674 2371 791 2428 ponen-

94 2430 168 2489 dam
184 2448 248 2487 rem
268 2441 453 2506 praeceptam
468 2431 711 2490 omittendamve
727 2451 790 2491 rem

141 2509 295 2583 *bibitam
322 2512 370 2569 vel
391 2511 430 2569 ad
455 2513 647 2570 subeundum
674 2511 790 2587 pericu·

158 2641 160 2647 .
175 2589 281 2649 luendi
297 2607 424 2668 poenam
438 2591 462 2649 si
478 2593 529 2650 lex
544 2590 659 2650 violata
670 2593 767 2652 fuerit.

150 2726 177 2764 ¹2.
203 2705 314 2765 Omnis
343 2705 502 2783 legislator
527 2706 663 2765 condere
688 2719 791 2784 potest
805 2719 958 2780 3.1rritans.

150 2805 180 2844 es
195 2788 352 2859 irritantes,
365 2785 475 2862 quibus
491 2796 577 2844 aetus
590 2787 630 2860 fit,
646 2805 710 2845 non
727 2787 789 2862 qui-
