2172 3174
299 207 331 242 22
487 206 806 242 Pnouucourun.-Lueus.

337 335 403 408 Jam
415 351 488 390 vero
501 332 592 390 etiam
605 333 635 390 in
648 334 715 409 iege
730 333 835 391 divina
849 335 990 394 Summus

298 413 443 471 Pontifex
477 431 516 470 ex
544 415 625 488 justa
650 432 742 472 causa
765 413 796 470 in
821 413 858 472 iis
886 426 991 491 potest

298 491 476 568 dispensare
491 492 522 550 in
539 493 648 569 quibus
671 497 720 570 jus
746 493 883 552 divinum
904 514 989 554 avo·

298 575 413 630 luntate
429 573 562 630 humana
579 573 681 644 oritur,
696 585 727 632 ut
738 573 769 632 in
783 574 945 645 votis-et
958 575 989 634 in

298 653 415 712 caeteris
431 655 538 712 saltem
556 654 710 712 declarare
728 657 775 730 jus
796 654 933 724 divinum
950 674 989 714 ex

297 733 416 792 motivo
432 733 613 809 gravissimo
629 753 693 794 non
713 753 828 811 urgere.

337 835 380 908 56.
407 831 455 888 Ad
481 832 657 888 validitatem
680 831 920 906 dispensationis
950 852 989 892 ex

240 917 241 920 ’
297 923 381 988 parte
395 913 566 968 concedentis
580 931 672 969 causa
686 913 770 970 nulla
789 913 949 988 requiritur
964 913 990 972 si

143 2321 256 2364 Cessatio.

297 991 455 1066 dispenset
470 990 500 1048 in
517 1011 570 1050 sua
585 991 680 1049 autin
697 992 850 1050 inferioris
866 995 989 1070 lege;-

297 1073 350 1130 sed
367 1070 534 1144 requiritur,
560 1083 592 1128 ut
607 1072 764 1148 dispenset
787 1072 817 1130 in
842 1075 908 1150 lege
935 1075 988 1132 Su·

296 1169 439 1227 perror1s;

337 1233 384 1289 Ex
396 1241 480 1306 parte
492 1241 590 1289 autem
598 1235 718 1306 petentis
733 1232 894 1308 requiritur
909 1243 941 1290 ut
956 1233 987 1292 in

297 1311 446 1386 petitione
461 1329 526 1370 non
542 1323 641 1368 taceat
656 1331 719 1370 rem
736 1313 911 1372 necessario
936 1314 987 1372 de·

297 1391 482 1463 clarandam,
499 1401 580 1450 etex
596 1393 695 1450 causis
711 1393 834 1450 motivis
847 1394 989 1470 proposi-

296 1471 334 1530 tis
350 1491 410 1528 una
424 1473 532 1530 saltem
545 1471 583 1528 sit
599 1491 668 1529 vera
680 1483 709 1530 et
722 1491 759 1530 ex
773 1492 804 1530 se
817 1474 987 1548 sufficiens;

337 1551 385 1608 Ad
401 1553 547 1608 liceitatem
563 1569 636 1610 vero
654 1553 894 1628 dispensationis
910 1573 988 1612 sem·

296 1650 350 1706 per
380 1629 482 1706 aliqua
504 1650 596 1696 causa
621 1632 792 1706 requiritur,
823 1634 894 1708 qnia
922 1634 988 1710 ipse

296 1710 454 1786 legislator
488 1721 633 1786 tanquam
670 1713 767 1770 fidelis
797 1725 826 1770 et
852 1715 987 1789 prudens

296 1790 492 1866 dispensator
506 1809 541 1870 se
553 1811 657 1868 gerere
672 1793 773 1851 debet.

335 1905 376 1964 57.
399 1886 451 1945 Uti
467 1887 539 1945 licet
563 1887 796 1964 dispensatione
822 1889 922 1960 tacita,
953 1910 990 1949 ea

294 1987 405 2042 nempe
421 1987 489 2042 quae
503 1968 534 2025 in
550 1968 654 2043 aliquo
671 1970 733 2027 alio
749 1983 818 2028 actu
838 1971 988 2046 implicite

296 2048 483 2119 continetur;
513 2066 578 2106 non
609 2060 711 2106 tamen
741 2049 813 2108 licet
842 2050 883 2108 uti
913 2071 988 2126 prae·

295 2140 423 2203 sumpta,
450 2127 508 2185 nisi
528 2130 605 2186 forte
621 2128 651 2186 in
668 2131 757 2188 rebus
778 2129 906 2189 minoris
922 2151 988 2192 mo-

296 2208 398 2280 menti,
414 2219 465 2265 aut
480 2227 519 2266 ex
540 2208 622 2284 gravi
638 2210 767 2268 motivo.

336 2311 380 2383 58.
406 2307 513 2364 Cessat
538 2305 729 2381 dispensatio
756 2327 773 2364 a
798 2308 864 2383 lege
890 2329 910 2366 1.
937 2328 992 2384 per
1082 2295 1083 2298 Ἴ

209 2457 212 2464 ,
294 2405 472 2462 expressam
499 2385 670 2461 Superioris
700 2387 992 2461 revocationem,-
1082 2395 1083 2402 ’

294 2488 319 2525 2.
333 2486 386 2542 per
397 2466 510 2524 subditi
524 2467 782 2526 renuntiationem
795 2487 812 2524 a
825 2469 989 2543 Superiore

293 2557 599 2622 acceptatam—mg.
607 2567 661 2623 per
672 2547 878 2606 cessationem
891 2569 939 2606 cat

296 2627 420 2686 motivae
433 2626 536 2685 totalis
548 2639 617 2685 ante
634 2627 851 2686 executionem
864 2629 947 2704 dispe

295 2706 426 2765 sationis
455 2727 508 2782 per
527 2708 699 2784 delegatum
721 2709 842 2780 factam,
872 2707 937 2768 imo

295 2798 367 2864 post
383 2787 560 2862 hujusmodi
586 2787 813 2862 executionem,
840 2789 895 2846 sed
918 2809 943 2847 ar
