2172 3174
368 213 499 248 essarris.
751 211 781 260 37

90 355 147 413 que
175 321 284 397 labore
301 340 347 396 vel
363 357 401 396 ex
416 337 492 396 solis
507 337 621 395 viribus
643 336 783 414 propriis,

1 448 3 470 ι
89 437 208 486 -neve
224 420 350 494 desperet
362 419 502 476 eamdem
519 417 659 476 obtinere
675 435 681 474 :

127 498 315 574 Desperatio
337 509 437 556 autem
453 498 631 574 parvitatem
647 497 784 555 materiae
806 491 840 538 Π·
853 491 948 574 Defpt·

88 595 152 636 non
175 577 321 648 admittit,
338 577 396 636 nisi
412 579 450 636 sit
466 578 652 653 imperfecta,
676 590 708 635 ut
729 596 783 636 sae·
841 569 914 610 ratze.

1 682 2 746 j
88 659 155 734 pius
170 659 203 716 in
220 658 342 716 tristitia
357 669 387 716 et
407 658 598 734 impatientia
620 657 783 734 contingit.

263 811 607 876 Ili-Clearetae.
871 904 879 943 I

1 1017 2 1021 ,
126 973 184 1010 101.
202 954 298 1009 Actus
314 951 470 1009 charitatis
485 951 536 1009 ille
549 963 594 1009 est
608 969 669 1026 quo
684 953 783 1008 Deum
840 929 920 997 seius

1 1057 2 1110 j
89 1051 245 1090 summum
260 1031 378 1089 bonurn
394 1042 519 1106 propter
534 1031 667 1107 seipsum
684 1031 784 1108 diligi·
811 1020 946 1050 ensem.

86 1131 165 1184 mus»
189 1124 219 1169 et
233 1111 409 1187 pl'QXimum
425 1124 551 1188 propter
574 1115 683 1170 Deum.

126 1229 188 1267 102.
216 1207 254 1266 Vi
281 1208 426 1284 praecepti
457 1208 613 1266 eharitatis
646 1210 856 1266 tenemuan
869 1209 958 1258 Deum.

1 1300 3 1350 ὲ
87 1291 190 1346 Deum
206 1288 334 1365 diligere
350 1289 560 1363 superomnia
575 1287 782 1364 appretiative,

1 1355 2 1418 ἶ
87 1381 117 1427 et
130 1369 255 1444 quidem
264 1380 356 1444 perse
369 1368 480 1444 pluries
496 1369 527 1427 in
540 1368 701 1443 vita—per
712 1369 783 1424 aeci-

86 1451 155 1506 dens
179 1468 262 1520 vero,
286 1449 310 1506 si
327 1459 431 1525 urgeat
446 1449 614 1507 necessitas
638 1447 784 1524 justifica·

87 1529 184 1607 tionis
200 1549 268 1604 quae
290 1529 423 1587 obtineri
444 1547 509 1588 non
525 1528 625 1606 possit
649 1527 708 1586 nisi
731 1547 785 1604 per

1 1615 2 1626 ¹
87 1609 247 1668 charitatis
263 1619 375 1668 actum.

129 1727 190 1781 103.
213 1693 392 1764 Proximum
408 1707 534 1784 diligere
555 1717 695 1764 tenemur
714 1717 784 1764 actu
799 1707 833 1753 ΙΙ.
855 1707 884 1753 ln
892 1713 957 1770 pro-

1 1789 2 1820 ³
86 1786 212 1846 interno
226 1798 255 1844 et
267 1787 397 1860 formali,
411 1798 501 1862 atque
513 1787 612 1846 modo
628 1786 783 1846 ordinato¹
813 1777 930 1912 oxgnum·

829 1901 834 1913 ι
868 1879 959 1912 enera-

129 1915 191 1966 104.
208 1893 268 1952 Ubi
284 1893 382 1970 agitur
398 1895 436 1952 de
452 1897 549 1953 salute
565 1893 782 1986 animae4quis-
799 1877 808 1912 ¹
853 1935 908 1984 tim.

1 1987 2 1990 ’
87 1993 147 2050 que
181 1973 315 2050 seipsum
348 1973 445 2051 magis
481 1993 572 2050 quam
605 1993 782 2050 proximum

1 2116 2 2122 χ
88 2053 218 2130 diligere
234 2054 338 2126 debet3

1 2131 2 2162 ³
129 2134 217 2192 Licet
232 2145 333 2192 tamen
358 2145 464 2211 optare
484 2145 514 2192 et
535 2153 699 2210 procurare
713 2151 783 2210 pro·

87 2214 176 2272 ximo
189 2215 284 2290 magis
297 2234 388 2289 quam
402 2214 459 2273 sibi
472 2225 536 2272 tum
548 2217 633 2274 bona
645 2214 784 2290 spiritua·

86 2293 128 2354 iia
143 2313 209 2353 non
225 2295 406 2366 necessaria,
421 2307 486 2352 tum
501 2296 586 2356 bona
601 2293 784 2370 temporalia

1 2428 2 2446 ,
86 2385 118 2432 et
131 2375 231 2450 ipsam
247 2375 315 2434 vitae
331 2375 610 2434 conservationem.

128 2489 190 2548 ¹05·
215 2471 250 2529 In
276 2480 402 2530 extrema
427 2471 560 2549 proximi
587 2471 782 2544 necessitate,

146 2563 192 2610 est
205 2553 442 2610 succurrendum
457 2571 510 2628 per
524 2572 556 2610 se
569 2554 676 2610 saltem
690 2551 782 2610 etiarn

148 2651 160 2688 r
176 2631 244 2690 vitae
257 2631 395 2708 periculo
418 2632 443 2692 si
461 2633 628 2691 necessitas
644 2631 782 2708 spiritua·

800 2043 821 2070 1.
831 2030 855 2068 In
872 2041 958 2070 omnes.

152 2711 260 2784 it,—et
272 2732 341 2770 eum
356 2731 421 2771 non
437 2712 496 2770 levi
512 2713 557 2770 sui
573 2713 782 2772 incommodo

152 2791 170 2850 it
192 2793 292 2850 solum
308 2792 500 2869 temporalis;
