2172 3174
299 213 608 259 snthLEGtUlt‚81utontn.
678 211 681 218 ’
765 209 797 258 43

98 349 146 395 est
181 336 244 412 qui,
271 338 342 396 data
368 339 537 398 occasione
566 339 624 414 piae
649 335 797 410 utilitatis

100 417 287 476 miraculum
302 418 378 494 petit
399 420 455 477 sub
472 419 655 478 conditione
671 429 797 491 tantum,

98 498 248 565 nimirum
262 501 289 556 si
299 499 367 556 'Deo
372 501 526 576 placuerit.

139 633 193 687 117.
230 612 423 688 Sacrilegium
449 625 643 690 nuncupatur
667 613 797 673 violatio

98 693 142 752 rei
169 712 239 770 quae
255 693 381 768 speciali
402 695 534 768 quadam
557 694 677 753 ratione
703 692 798 752 cultui

99 773 211 832 divino
228 773 331 831 dicata
345 773 423 832 fuit:

140 855 179 911 Et
201 852 275 912 ideo
301 864 462 928 peccatum
488 865 535 912 est
554 873 593 912 ex
614 873 671 913 suo
687 854 798 930 genere

100 933 356 1006 mortale,-sive
382 931 496 992 afficiat
528 952 702 1010 personam,
734 933 798 992 sive

100 1016 217 1086 locum,
242 1013 305 1071 sive
320 1032 385 1072 rem
400 1013 492 1072 aliam
508 1033 635 1072 sacram.

140 1133 195 1186 118.
222 1128 352 1186 Simonia
366 1128 570 1187 committitur
590 1149 659 1187 cum
676 1147 722 1186 res
738 1127 797 1204 spi-

100 1208 229 1287 ritualis,
254 1209 301 1266 vel
316 1209 495 1284 temporalis
512 1209 658 1285 spirituali
675 1224 797 1266 annexa

102 1289 169 1346 sive
204 1287 447 1364 inseparabiliter
470 1289 532 1348 sive
558 1299 795 1363 consequenter,

94 1380 311 1427 'commutatur
331 1387 387 1444 pro
417 1369 579 1444 temporali
608 1388 647 1427 ex
676 1367 795 1426 motivo

101 1449 239 1506 habendi
256 1451 303 1506 vel
325 1449 419 1508 dandi
435 1469 526 1508 unam
542 1467 598 1524 pro
621 1451 714 1506 altera
731 1460 795 1506 tan·

98 1547 193 1604 quam
209 1547 267 1604 pto
280 1529 378 1606 pretio
392 1531 509 1604 justave
527 1527 795 1606 compensatione.

141 1683 196 1736 119.
220 1661 361 1721 Simonia
376 1674 537 1738 peccatum
553 1661 715 1722 constituit
730 1681 795 1737 gra·

98 1741 261 1800 vissimum
274 1744 316 1801 ob
331 1743 490 1819 indignam
513 1743 555 1800 rei
578 1761 673 1801 sacrae
688 1753 796 1799 tracta·

97 1833 231 1880 ttonem.

141 1902 210 1960 Sive
231 1923 250 1960 1.
271 1905 401 1960 mentalis
422 1913 539 1960 tantum
561 1901 600 1959 sit
619 1921 672 1977 per
697 1900 796 1960 datio·

100 2001 174 2040 nem
196 1985 243 2040 vel
269 1983 509 2057 promissionem
538 2002 607 2040 cum
622 1981 795 2040 intentione

99 2080 167 2120 non
184 2062 378 2120 manifestata
396 2063 488 2120 alium
505 2061 674 2138 obligandi,

141 2142 212 2200 Sive
226 2163 248 2201 2.
261 2145 488 2212 conventionalia
502 2161 555 2216 per
569 2154 694 2218 pactum
716 2159 796 2199 non·

99 2222 176 2280 dum
189 2222 368 2281 executioni
386 2223 575 2294 mandatum,

142 2302 214 2360 Sive
233 2322 259 2376 3.
276 2304 371 2368 realis,
388 2323 441 2378 per
463 2303 661 2361 traditionem
688 2303 797 2359 saltem

101 2381 263 2458 partialem
288 2383 330 2442 rei
356 2383 542 2459 temporalis,
560 2380 709 2458 spirituali
733 2379 797 2457 jam

103 2473 243 2538 accepta,

181 2562 214 2599 ve
230 2563 257 2614 4.
270 2543 393 2600 demum
409 2543 622 2619 confidentialis,
639 2560 692 2616 per
703 2559 797 2598 reser-

167 2622 411 2680 onembeneficii
423 2622 517 2698 ipsius
530 2625 632 2697 ejusve
646 2621 796 2678 fructuum

166 2714 199 2761 to
226 2703 362 2762 habitam
378 2702 409 2760 in
422 2702 557 2777 qualibet
573 2701 715 2759 beneficii
731 2701 796 2759 col·

165 2801 222 2840 “ne
239 2784 285 2841 vel
301 2782 518 2859 resignatione.

833 643 853 668 2.
861 628 955 689 Sacrile·

860 694 926 729 grum.

826 1147 843 1183 3.
851 1133 957 1174 Simonia.
