2172 3174
110 191 804 278 QQQQQQQQQQQQQ

241 534 304 600 AD
339 531 666 601 SACERDOTEM

214 713 400 764 ANIMARUM
419 711 703 762 MODERATOREM.

156 962 198 1019 llt
201 963 293 1038 plane
306 969 334 1019 ct
338 964 430 1038 probe
455 971 502 1022 tuo
525 964 689 1021 animorum
706 964 803 1020 Moete-

109 1045 219 1100 ratoris
233 1044 332 1120 officio
341 1044 439 1118 fungi
457 1038 562 1116 valeas,
580 1045 690 1102 Christi
702 1045 805 1102 Sacer·

108 1124 159 1180 dos
183 1125 291 1198 optime,
317 1140 422 1197 urgens
446 1126 499 1180 tibi
515 1125 653 1182 incumbit
670 1123 806 1200 obligatio

108 1210 266 1278 compertos
288 1203 412 1260 labendi
436 1205 510 1280 leges
534 1223 632 1275 omnes,
656 1207 803 1280 priucipa-

110 1285 194 1340 liores
217 1284 325 1355 saltem‚
347 1284 449 1357 quibus
473 1285 575 1342 animce
598 1286 657 1342 illee
675 1287 804 1359 regenda

112 1369 189 1428 sunt,·
214 1371 243 1420 et
275 1365 406 1437 quamuis
421 1387 424 1392 ·
440 1365 601 1438 dilrgrentcm
627 1367 734 1439 perdiu
762 1368 806 1421 rei

114 1443 227 1500 moralis
241 1444 334 1500 studio
345 1454 457 1518 ceptorum
472 1447 634 1517 navaveris,
649 1446 804 1520 discplince

112 1529 201 1580 tomen
215 1525 380 1597 bujusmodi
391 1527 555 1582 memoriam
570 1526 672 1582 iterum
687 1529 801 1583 iterum-

109 1621 162 1676 que
182 1622 298 1662 renoves
330 1612 444 1679 oportet.
473 1607 524 1662 Aa
540 1607 624 1663 istum
645 1608 715 1664 adeo
735 1617 802 1682 per·

107 1685 296 1740 necessarium
346 1685 471 1742 laborem
515 1687 568 1742 tibi
606 1688 803 1762 expeditiorem

107 1764 303 1834 exhibendum,
316 1765 368 1821 leoc
382 1766 501 1821 moralis
522 1767 667 1841 theologice
681 1779 802 1843 compen·

107 1843 225 1914 diolum,
263 1845 342 1919 qnod
373 1846 439 1901 olim
468 1855 527 1920 pro
557 1849 624 1903 meis
658 1849 803 1923 discipulis

108 1923 355 1998 couciannoernm,
378 1944 454 1982 nnnc
468 1927 526 1998 tibi,
540 1929 640 1984 eximie
654 1928 803 2000 Sacerdos,

74 2035 75 2042 κ
107 2004 228 2062 libenter
241 2006 343 2078 offero
356 2027 365 2062 .-
379 2005 456 2062 illud
471 2009 564 2082 accipe
587 2026 618 2064 eo
642 2029 697 2083 quo
714 2019 803 2084 pera·
908 2009 910 2014 ’

105 2091 183 2144 ctum
197 2091 238 2140 est
249 2087 352 2156 animo,
364 2104 420 2143 non
428 2087 564 2160 profecto
578 2096 611 2144 ut
622 2097 802 2146 monumenta
874 2155 877 2160 ¹

100 2165 270 2240 princepum
300 2167 386 2238 lenjus
409 2167 531 2224 seientia
558 2171 744 2242 perscrutari
774 2172 803 2226 in

99 2250 247 2318 posterum
262 2246 380 2318 desinas,
402 2247 453 2303 scd
464 2248 618 2304 dumtaxat
639 2257 673 2306 ut
694 2251 803 2307 minore

105 2325 218 2399 negotio
232 2332 317 2400 atque
328 2326 390 2382 idco
403 2327 531 2384 crebrius
550 2331 672 2386 morales
686 2332 804 2405 regulas

105 2407 137 2459 in
151 2411 267 2480 mentem
289 2425 407 2478 revoces,
424 2414 452 2463 et
462 2409 504 2464 ita
510 2409 613 2482 plures
632 2412 744 2468 animas
763 2413 806 2468 ad

112 2484 279 2542 felicitatem
292 2497 443 2562 supernam
458 2503 544 2562 quens
550 2490 717 2563 perducere.

156 2563 235 2635 Quod
243 2567 276 2638 si,
292 2567 429 2624 brevitati
439 2569 528 2624 simul
545 2575 573 2625 et
592 2570 723 2626 claritati
741 2579 799 2629 stu·

152 2663 186 2718 es,
225 2653 373 2704 auctorum
409 2649 524 2705 nomina
549 2651 694 2722 tacuerim,
720 2654 804 2726 scias

152 2743 198 2782 ren
220 2727 292 2798 volo,
317 2745 373 2784 non
396 2739 496 2804 pauco
518 2747 554 2786 ex
574 2731 642 2788 meis
668 2732 804 2790 Assertis,

152 2807 161 2865 '.
178 2806 349 2884 Pontificum
372 2808 600 2870 Conciliorumne
623 2811 733 2870 dicrota
756 2831 800 2872 rc·
