2172 3174
290 209 326 256 40
365 209 608 245 ornem-Prummu
628 209 751 244 orentoot
771 207 937 244 PRAECEPTUM.

333 335 530 394 Materialiter
564 353 637 393 vero
668 335 695 392 ei
721 333 882 410 cooperari
912 332 990 393 licet

292 415 466 474 dummodo
482 437 502 474 1.
515 413 598 474 actio
615 415 812 492 cooperantis
829 414 868 473 sit
882 433 936 490 per
951 433 987 473 se

291 495 377 554 bona
398 505 448 554 ant
469 495 657 567 indifferens,
684 510 714 553 et
738 516 761 553 2.
787 494 868 554 adsit
892 514 990 553 causa

289 577 371 652 justa
392 586 483 651 atque
504 575 742 651 proportionata
763 586 826 632 tum
846 574 986 652 gravitati

292 655 412 731 peccati
428 655 559 729 alterius
572 665 636 712 tum
651 655 842 730 proximitati
855 674 990 714 concur·

292 754 343 794 sus
358 736 398 794 ad
412 735 534 812 peccati
554 735 780 793 executionem.

532 964 702 1006 ARTICULUS
716 965 744 1004 11.

297 1071 548 1136 PRAECEPTORUM
560 1071 717 1112 DECALOGI
739 1071 859 1111 TABULA
881 1071 990 1112 PRIMA

332 1243 380 1289 111.
401 1233 557 1306 Praecepta
572 1229 723 1306 Decalogi
739 1229 849 1306 prioris
871 1231 988 1290 tabulae

230 1313 233 1323 '
293 1312 408 1370 cultum
436 1311 637 1386 praescribunt
666 1312 735 1370 Deo
765 1310 989 1384 exhibendum,

158 2209 240 2304 Acina

130 2325 265 2357 annonari.

292 1391 356 1450 sive
369 1410 422 1468 per
433 1391 649 1450 adorationem
662 1391 851 1449 latreuticam
863 1391 984 1450 ratione

292 1490 420 1530 summae
431 1471 525 1547 ipsius
539 1471 740 1544 excellentiae,
749 1471 811 1530 sive
823 1491 877 1546 per
888 1471 987 1529 divini

292 1551 429 1609 nominis
445 1550 655 1622 reverentiam,
684 1551 747 1609 sive
762 1571 816 1627 per
838 1551 989 1627 temporis

292 1631 421 1710 alicujus
438 1631 679 1690 dedicationem.

595 1815 624 1903 g.
653 1818 680 1878 1.

380 1961 489 2024 Dens
515 1961 649 2024 latria
674 1957 894 2024 colendas:

472 2083 603 2139 Primum
625 2084 808 2158 Proeceplum.

333 2253 384 2292 112.
400 2231 534 2290 Primum
550 2231 701 2308 Decalogi
713 2244 909 2310 praeceptnm,
927 2253 989 2309 qua

292 2313 507 2372 affirmativum
536 2321 590 2384 est,
613 2313 783 2388 praescribit
809 2313 989 2390 primarium

293 2392 451 2470 religionis
483 2403 599 2463 actum,
618 2411 695 2466 =quo
725 2413 836 2470 nempe
870 2395 989 2452 cultum

292 2475 470 2532 adorationis
485 2475 554 2530 Deo
571 2471 746 2546 tribuimus;

332 2552 370 2610 Vi
396 2563 497 2610 autem
523 2553 658 2627 ejusdem
685 2551 803 2611 virtutis
825 2552 948 2630 religior

293 2632 395 2691 omnis
419 2633 541 2690 adultus
565 2633 665 2690 Deum
697 2652 783 2690 orare
804 2633 896 2691 debet
920 2644 960 2692 tn.

291 2711 476 2770 necessitate
499 2711 602 2784 medii,
619 2724 682 2770 tum
705 2713 889 2772 necessitate
909 2733 960 2790 pra

292 2792 511 2869 cepti,-quod
528 2803 612 2869 urget
627 2812 680 2867 per
695 2811 727 2850 se
744 2793 857 2869 saepius
867 2794 899 2852 in
915 2793 960 2853 vit
