2172 3174
127 2234 176 2282 III.
191 2234 258 2282 Dis-

144 2305 236 2354 tinctio.

112 2402 270 2466 nspecifica.

287 178 321 227 28
458 193 812 230 protractatum-Pactam.

288 319 411 376 demum
424 339 462 377 ex
476 331 544 402 toto
557 339 667 396 genere
681 339 747 393 suo,
762 321 888 396 quando
904 319 985 378 intra

288 417 375 459 suum
392 418 486 475 genus
502 400 628 458 materia
649 420 772 478 gravem
794 412 912 458 reatum
930 419 982 458 ne-

288 479 353 553 quit
375 479 544 538 admittere.

328 622 371 676 79.
395 603 534 662 Graviter
549 603 600 660 ille
616 615 725 679 peccat
743 604 793 678 qui
810 604 985 664 voluntarie

287 683 425 758 periculo
450 703 481 742 se
504 684 633 759 exponit
655 684 718 742 sive
746 685 891 760 proximo
918 684 983 742 sive

287 762 439 839 probabili
469 763 621 839 peccandi
650 765 820 824 mortaliter
853 764 980 840 :ipsum

288 843 369 902 enim
386 844 546 918 probabile
575 845 725 920 peccandi
742 845 908 920 periculum
937 856 982 903 est

287 943 377 1001 grave
394 926 507 982 malum
523 924 633 982 animae
653 943 793 1000 praesens,
810 946 827 982 a
843 924 982 1000 quolibet

286 1003 435 1080 prudente
452 1015 537 1063 certo
553 1005 745 1080 fugiendum;

329 1083 359 1141 Si
383 1085 509 1158 quando
526 1085 668 1164 igiturex
691 1084 772 1161 gravi
787 1105 878 1142 causa
890 1103 982 1148 occa·

287 1163 406 1222 sionem
437 1163 514 1222 inire
540 1165 662 1236 debeas,
697 1184 764 1239 quae
800 1165 975 1240 hujusmodi

287 1243 454 1319 periculum
481 1244 626 1302 inducere
652 1245 798 1315 videatur,
824 1265 859 1302 ea
879 1244 984 1304 media

286 1323 341 1381 tibi
374 1337 444 1382 sunt
468 1325 653 1395 adhibenda,
680 1326 744 1383 sive
769 1325 888 1383 interna
917 1325 980 1382 sive

287 1415 468 1474 externam(
480 1405 590 1479 quibus
603 1406 769 1480 periculum
784 1405 858 1463 illud
872 1407 981 1463 evadat

286 1496 439 1542 remotum
460 1497 550 1560 atque
566 1485 778 1560 improbabile.

328 1612 375 1666 80.
393 1607 452 1680 Qui
466 1627 534 1666 cum
548 1611 639 1683 plena
651 1608 840 1666 advertentia
852 1620 881 1666 et
893 1609 980 1666 liber·

286 1699 347 1746 tate
374 1689 523 1746 deliberat
548 1690 586 1746 de
620 1708 775 1747 consensu
805 1690 981 1764 praestando

286 1769 412 1842 objecto
428 1768 557 1844 graviter
572 1771 664 1840 malo,
688 1769 787 1844 reipsa
800 1768 926 1844 inquirit
940 1788 979 1826 an

286 1859 453 1906 creaturam
477 1851 545 1907 Deo
567 1851 708 1924 praeferre
725 1851 843 1917 debeat,
862 1851 981 1908 haerens

286 1928 365 1986 inter
389 1928 446 1986 Dei
472 1929 638 1986 amicitiam
661 1940 691 1987 et
713 1929 921 2000 inimicitiam,
952 1942 982 1986 et

286 2008 417 2085 proinde
441 2009 612 2068 mortaliter
633 2022 742 2085 peccat
771 2009 908 2084 quamvis
938 2009 981 2067 illi

287 2090 412 2166 objecto
430 2088 540 2148 illicito
564 2089 690 2147 tandem
713 2108 776 2148 non
795 2089 982 2148 consentiat.

327 2227 367 2279 81.
402 2221 554 2296 Specifica
587 2233 786 2296 peccatorum
820 2221 986 2281 distinctio

286 2302 428 2376 proxime
442 2314 470 2358 et
484 2303 653 2359 formaliter
675 2303 843 2360 desumitur
858 2322 896 2361 ex
919 2303 984 2360 vio-

286 2382 354 2440 latis
387 2383 547 2457 praeceptis
586 2383 755 2441 formaliter
787 2382 981 2441 diuersis2---

286 2472 438 2538 praecepta
466 2473 567 2520 autem
601 2462 829 2539 distinguuntur
858 2465 905 2520 vel
941 2481 981 2520 ex

286 2541 413 2600 diversis
441 2541 608 2614 virtutibus,
627 2545 672 2601 vel
689 2563 727 2601 ex
744 2544 842 2602 modo
859 2542 966 2601 morali

284 2632 330 2680 ter
344 2621 467 2680 diverso
488 2622 636 2680 tendendi
657 2625 695 2682 ad
723 2625 862 2682 eamdem
889 2622 959 2680 virtt

286 2713 346 2760 tem
370 2714 421 2760 aut
445 2703 482 2760 ab
499 2723 534 2761 ea
549 2703 730 2776 divertendi,
747 2706 793 2762 vel
810 2723 847 2762 ex
859 2702 971 2760 motiv(

286 2782 444 2842 moraliter
459 2783 581 2842 diverso
597 2785 822 2860 propterquod
838 2794 923 2842 actus
941 2784 971 2840 dr
