2172 3174
399 189 505 236 rrJurrrr.
772 183 798 234 71

106 315 221 372 realem
236 313 343 374 omnia
366 316 512 390 perficere
527 317 607 373 valet
623 332 717 390 opera
729 331 797 387 quae

106 395 282 454 necessaria
296 407 366 454 sunt
388 395 510 453 adeam
527 395 732 454 exercendam
755 402 797 450 at-

106 493 165 550 que
182 476 513 549 conservandam—et
524 475 549 534 si
563 474 721 552 praedium,
748 471 797 530 cui

105 555 233 614 alterum
264 555 364 628 servit,
398 555 477 614 inter
501 557 602 632 plures
635 554 796 624 dividatur,

103 635 233 694 servitus
272 635 399 712 singulis
432 637 537 711 quoad
568 655 653 694 suam
680 645 797 711 partem

104 715 409 790 debetur;—-nullus
434 730 537 774 tamen
566 715 682 792 aliquid
708 733 797 790 agere

102 807 216 872 potest,
242 796 324 854 unde
347 796 490 856 conditio
516 796 623 873 praedii
639 793 797 854 servientis

104 875 229 952 gravior
243 877 352 935 evadat
368 893 373 934 :

142 957 198 1014 Ille
220 975 293 1015 vero
319 957 369 1031 qui
386 956 563 1016 servitutem
583 955 696 1032 patitur
720 953 797 1012 nihil

107 1035 139 1093 in
168 1037 358 1112 suopraedio
378 1037 523 1112 perficere
549 1048 652 1114 potest
674 1054 712 1093 ex
734 1052 796 1111 quo

105 1115 261 1174 servitutis
277 1136 348 1174 usus
363 1117 523 1175 minuatur
879 1175 909 1215 11

144 1233 204 1288 193.
229 1213 341 1290 Injuria
362 1226 407 1272 est
433 1214 519 1274 laesio
535 1213 710 1273 voluntaria
723 1213 797 1290 juris
856 1227 927 1276 Jum

104 1295 230 1354 alterius
252 1293 357 1352 inviti:

145 1374 341 1450 Proindeque
357 1377 471 1432 nullam
487 1373 565 1433 tibi
557 1373 697 1450 rnjuriam
714 1373 796 1432 facio
812 1365 971 1428 Mnem-

103 1453 163 1513 nisi
188 1454 316 1532 aliquod
336 1458 384 1532 jus
409 1467 494 1513 tuum
524 1455 651 1528 laedam,
676 1453 796 1512 etiamsi
833 1461 952 1511 1.Notio.

832 1291 953 1322 vmmro.

103 1551 183 1611 opus
208 1534 263 1592 tibi
295 1535 441 1595 nocivum
470 1554 594 1612 ponam,
625 1553 663 1592 ex
690 1535 796 1592 animo

104 1613 253 1686 nocendi,
269 1626 299 1672 et
313 1615 428 1691 absque
450 1635 521 1675 meo
540 1617 613 1690 jure,
637 1636 663 1673 v
676 1635 703 1692 g
719 1614 745 1673 si
765 1613 796 1672 in

102 1691 179 1771 agro'
192 1712 263 1753 meo
280 1697 326 1752 vel
338 1695 440 1755 alieno
454 1707 579 1772 puteum
592 1695 719 1766 fodiam,
732 1713 795 1770 quo

103 1784 211 1851 aperto
251 1786 319 1834 tuus
360 1788 578 1848 exarescatp-
593 1787 623 1834 at
655 1775 796 1853 injuriam

102 1855 269 1915 committo
296 1855 417 1931 quoties
441 1856 607 1916 interverto
631 1858 679 1932 jus
702 1868 795 1929 tuum,

103 1935 163 1994 etsi
186 1935 332 1994 damnum
357 1935 445 2009 absit,
478 1957 505 1994 v.
527 1957 554 2012 g.
581 1935 606 1994 si
632 1948 714 1994 tuam
740 1935 796 1994 do·

107 2035 192 2074 mum
207 2015 305 2074 invito
320 2026 348 2074 te
364 2015 526 2092 ingrediar.

147 2143 209 2198 194.
234 2121 346 2198 Injuria
368 2133 511 2181 constare
525 2133 629 2198 potest
648 2132 711 2180 tum
728 2133 798 2180 actu
823 2137 846 2176 2.
858 2126 961 2176 Modus.

102 2222 186 2262 mere
208 2202 338 2273 interno,
345 2214 448 2262 —turn
465 2203 555 2261 simul
577 2213 647 2260 actu
672 2201 796 2260 interno

102 2295 134 2344 et
145 2302 238 2360 opere
254 2293 392 2353 externo,
405 2285 491 2374 quod
503 2281 541 2340 sit
553 2283 638 2341 alteri
653 2283 700 2340 vel
713 2301 795 2339 mere

102 2363 286 2453 ipjuriosum
308 2365 356 2421 vel
372 2364 463 2421 etiam
476 2363 517 2439 in]
511 2366 587 2422 uste
610 2363 796 2421 damnosum

102 2442 168 2500 sive
183 2461 237 2517 per
256 2461 296 2515 se,
321 2443 383 2502 sive
400 2463 438 2502 ex
453 2463 544 2520 prava
560 2442 677 2521 agentis
698 2441 797 2500 inten-

119 2522 201 2580 NJrne

146 2636 204 2696 195.
227 2620 275 2676 Ex
287 2619 351 2692 jure
366 2631 481 2680 naturae
499 2620 678 2697 prohibetur
693 2620 796 2680 omnis
812 2631 971 2694 3.Gravitas.

134 2699 223 2775 duria,
236 2698 293 2756 sub
309 2699 390 2773 gravi
403 2703 451 2759 vel
467 2702 522 2759 sub
535 2699 594 2760 levi
609 2711 727 2760 tantum
739 2719 796 2778 pro

130 2780 244 2856 rbjecta
258 2778 385 2837 materia
397 2797 403 2853 ;
