2190 3174
283 191 317 252 84
337 185 606 240 ornulfi-serrorum
627 204 751 240 orclcoor
773 201 938 238 runcantur.

232 327 235 332 ’
285 333 365 390 valet
380 331 460 406 apud
474 349 532 389 nos
544 332 658 388 donatio
673 333 747 388 inter
761 331 841 388 vivos
855 349 872 386 a
887 339 974 386 nota·

108 943 156 988 III.
172 942 266 1005 Requi-

154 1014 211 1060 sita.

114 1112 133 1148 1.
142 1100 257 1148 Materia.

119 1403 143 1440 2.
157 1389 252 1453 Subje-

147 1469 224 1511 ctum.

105 2245 130 2294 3.
142 2232 262 2283 Consen-

159 2318 210 2354 sus,

281 411 328 470 rio
344 429 408 469 non
429 411 549 486 scripta,
567 421 657 486 atque
682 412 746 466 ludi
762 412 859 482 pactio
871 407 972 483 s-qui

282 502 382 550 tamen
400 509 438 549 ex
454 489 625 550 donatione
649 492 696 549 vel
712 490 787 549 ludo
808 508 871 547 rem
886 487 971 546 alteri

281 571 415 644 tradidit,
428 590 495 630 earn
507 581 641 646 repetere
654 589 718 629 uon
731 581 843 646 potest,
857 579 886 627 et
898 570 973 626 alter

279 655 327 728 jus
351 651 442 710 habet
464 653 648 726 exceptionem
673 647 855 726 opponendi
879 648 971 706 etiam

281 750 386 798 coram
400 729 513 807 judice,
530 729 649 789 ratione
665 749 707 790 sc.
729 741 906 790 contractus
921 747 974 786 na·

281 810 416 870 turaliter
437 821 467 869 et
488 810 519 868 in
540 810 733 869 conscientia
747 809 849 868 validi.

321 947 381 1000 229.
414 925 540 984 Materia
575 937 753 986 contractus
787 925 879 983 debet
906 943 973 982 esse

281 1005 541 1082 1.possibilis,—z.
554 1005 690 1086 existens
703 1006 733 1063 in
747 1023 787 1078 re,
801 1007 847 1064 vel
864 1007 971 1062 saltem

279 1086 311 1145 in
337 1105 390 1163 spe
415 1085 568 1162 probabili
593 1085 801 1161 extitura,—3.
817 1085 847 1143 in
869 1104 901 1143 se
917 1085 973 1143 ho·

278 1177 445 1238 nesta-4.
466 1165 678 1225 contrahentis
706 1165 973 1242 propria—atque

281 1264 305 1323 5.
318 1245 518 1304 determinata
531 1246 561 1306 in
576 1245 737 1304 individuo
752 1248 799 1304 vel
812 1245 842 1304 in
859 1244 971 1320 specie.
1047 1271 1051 1274 ·

320 1399 383 1454 230.
396 1381 440 1438 Ut
454 1378 521 1454 quis
534 1381 717 1438 contrahere
733 1382 840 1452 valeat,
854 1381 893 1438 de
907 1383 972 1456 jure

279 1461 412 1517 naturali
426 1479 553 1518 necesse
568 1471 614 1518 est
625 1471 655 1518 et
666 1460 780 1518 sufficit
792 1480 861 1520 eum
873 1459 971 1518 libero

280 1539 408 1598 rationis
424 1539 549 1598 arbitrio
566 1541 710 1616 gaudere;

320 1619 381 1677 Sed
394 1621 440 1694 jus
449 1621 604 1694 positivum
619 1619 743 1696 insuper
761 1619 885 1696 requirit
897 1637 971 1694 eurn
1004 1615 1006 1620 ’

282 1717 346 1758 non
360 1717 427 1756 esse
439 1700 643 1758 contrahendi
656 1703 815 1776 incapacem
828 1715 972 1775 :-—porro

280 1780 330 1837 lex
342 1778 506 1856 incapaces
519 1779 654 1860 declarat
661 1781 701 1838 ad
713 1780 970 1852 contrahendum,

280 1860 387 1918 saltem
399 1858 430 1916 in
447 1859 549 1918 multis
572 1871 622 1918 aut
643 1861 774 1932 firmiter,
801 1861 972 1930 minoren-

279 1941 870 2015 uxores‚-inrerdictos,·-prodigos‚—et
897 1958 972 1995 mor·
1001 1993 1007 2010 ,
1090 1937 1093 2002 ’ζ

279 2025 340 2075 tuos
354 2019 489 2090 civiliter,
515 2019 689 2094 eujusmodi
712 2024 775 2097 jam
792 2019 867 2078 nulli
890 2019 972 2094 apud

279 2116 338 2157 nos
354 2099 511 2156 habentur.

319 2241 373 2296 231.
399 2223 448 2280 Ad
464 2232 658 2282 contractum
684 2223 785 2282 valide
801 2223 971 2282 ineundum

279 2320 450 2361 consensus
466 2303 559 2360 debet
573 2321 640 2361 esse
656 2302 802 2378 internus,
816 2314 970 2376 externus,

279 2396 412 2454 mutuus,
428 2382 613 2441 deliberatus
629 2395 659 2440 et
673 2383 771 2442 liber:

321 2461 404 2520 Hinc
424 2482 509 2520 error
533 2481 656 2521 versans
672 2463 755 2522 circa
773 2462 814 2522 rei
831 2464 973 2522 substan·

279 2540 352 2599 tiam
369 2552 585 2600 contractusve
602 2554 738 2601 naturam
755 2558 806 2600 aut
821 2543 960 2602 motivun

280 2623 369 2679 finale
404 2622 608 2698 praecipuum,
639 2633 669 2681 et
697 2644 714 2680 a
743 2622 864 2682 fortiori
892 2624 964 2682 dola.

279 2701 456 2776 hujusmodi
496 2720 631 2762 errorem
668 2703 831 2777 inducens,
862 2722 967 2762 omnes

278 2780 396 2839 irritant
419 2792 611 2857 contractus;

1086 2159 1093 2298 l

1088 2301 1092 2440 l

1092 1629 1094 1680 i

1091 1707 1094 1734 l

1093 1739 1094 1756 r

1090 1813 1094 1930 l

1090 2015 1093 2084 l

1073 2857 1090 2958 r
