2190 3174
4 2549 18 2580 Ι

227 223 386 258 oomascrus
406 225 549 272 oarrcsrio,
570 225 743 260 nobrrrcsrro.
792 209 823 272 85

172 349 233 406 Sed
256 357 343 406 metus
365 352 559 425 quantumvis
581 350 693 428 gravis,
724 350 822 408 modo

130 427 260 486 rationis
285 447 372 486 usum
399 431 529 507 graviter
563 451 627 490 non
659 430 822 506 perturbet,

132 519 310 567 contractus
335 529 463 568 onerosos
475 511 650 588 regulariter
662 510 822 586 loquendo

131 607 196 648 non
220 588 378 662 irritat;-—
341 609 446 649 -eos
481 604 583 650 tamen
610 589 822 650 rescindibiles

131 668 233 726 reddit
244 667 282 726 ad
296 637 401 728 mitum
415 671 495 730 illius
508 673 559 747 qui
572 691 693 763 gravem
708 681 821 728 metum

126 757 233 824 passus
259 757 312 820 est,
339 749 460 824 quoties
485 751 595 826 iniuste
611 753 751 810 incussus
767 750 822 809 fuit

123 830 166 886 ab
183 831 280 887 altero
297 796 514 904 dontrahente;

170 908 356 968 Contractus
383 929 455 969 vero
471 915 617 987 gratuitos
637 912 668 971 in
685 910 784 971 foro
776 930 821 968 rn-

128 997 217 1048 terno
240 988 345 1059 irritat,
367 991 556 1066 probabilius
582 995 699 1063 saltem,
722 1003 821 1049 metus

127 1068 218 1126 etiam
232 1069 314 1139 levis,
330 1069 354 1128 si
374 1070 514 1132 incussus
530 1073 618 1132 suerit
633 1073 671 1130 ad
688 1090 821 1131 consen·

128 1167 194 1206 sum
209 1151 468 1226 extorquendum.

168 1285 226 1338 232·
251 1263 409 1342 Obligatio
435 1279 611 1327 contractus
634 1268 818 1340 extenditur,
838 1272 880 1320 lV.
897 1273 995 1336 Obliga-

128 1363 193 1404 non
210 1347 310 1404 soium
323 1347 362 1404 ad
375 1347 405 1404 id
420 1349 504 1422 quod
516 1361 616 1424 pacto¹
632 1348 818 1424 exprimitur,
894 1345 935 1392 tio.

128 1425 183 1482 sed
199 1425 356 1493 adomnia
367 1426 458 1485 etiam
475 1430 668 1487 consectaria
683 1448 750 1504 quae
762 1445 818 1505 pro
850 1451 867 1486 1.
879 1439 981 1502 Ampli-

127 1505 345 1564 eonventionis
372 1519 478 1566 natura
500 1511 657 1584 postulant
683 1509 818 1585 aequitas,
878 1511 950 1559 tudo.

128 1586 178 1644 lex
193 1597 244 1643 aut
261 1605 340 1647 usus.

168 1713 227 1775 233
264 1701 426 1761 Probabile
453 1704 541 1762 valde
563 1715 608 1762 est
640 1715 818 1764 contractus

127 1799 182 1840 eos
205 1781 265 1856 qui,
282 1770 397 1872 absque
420 1783 520 1842 forma
534 1785 574 1843 ad
588 1785 711 1844 illorum
733 1787 817 1845 valo·

127 1880 190 1919 rem
202 1863 267 1934 jure
283 1861 417 1937 positivo
434 1865 618 1940 praescripta,
639 1887 656 1924 a
677 1866 817 1942 personis

125 1881 301 2000 habilibus'
294 1954 481 2014 ineuntur,
464 1944 584 2004 validos
609 1965 721 2004 essem
746 1947 816 2004 soro

126 2020 337 2092 conscientiae
351 2025 521 2112 usquedum
536 2025 749 2084 rescindantur
764 2045 818 2101 per

122 2101 236 2178 judicis
251 2102 444 2162 sententiam.

165 2235 226 2289 234.
251 2215 360 2274 Omnis
384 2217 535 2294 obligatio
551 2230 728 2278 contractus
753 2239 816 2278 ces·
832 2217 992 2270 2.Cessatio.

124 2308 171 2354 sat
196 2315 249 2372 per
277 2295 508 2369 rescissionem,
520 2300 816 2371 -solutionem,-

123 2377 426 2452 compensationem,
439 2411 478 2422 -
490 2379 758 2438 condonationem
767 2415 815 2452 ,-

123 2455 338 2529 novationem,
353 2492 389 2501 -
403 2459 620 2517 confusionem
628 2459 815 2536 ,-inculpa·

148 2536 217 2596 ‘lem
246 2536 287 2594 rei
314 2538 655 2609 destructionem—vel
681 2540 815 2615 praescri-

157 2633 273 2674 ionem.

162 2740 211 2798 235
197 2724 441 2800 psammeatum,
455 2743 517 2799 quo
530 2724 589 2783 soli
607 2727 675 2784 Deo
690 2727 813 2803 proprie
844 2733 870 2780 V.
882 2733 988 2798 ltsodfi-

150 2802 301 2879 uligamur,
318 2803 501 2862 servandum
516 2805 658 2880 profecto
674 2817 720 2865 est
734 2825 810 2882 quo·
872 2805 947 2854 ⁶⁰50
