2172 3174
249 219 490 266 Pacem—norro,
511 221 645 254 Guavrrns.
765 217 796 268 27

343 365 513 406 ARTICULUS
527 365 555 404 Il.

162 457 299 510 nacula*
315 463 683 511 TRANscreassm:-Paccn
690 471 735 510 TA.

140 611 181 670 75.
194 596 359 652 Peccatum
372 597 490 652 actuale
503 596 631 654 formale
644 613 689 653 est
701 607 795 654 trans-
819 602 845 642 m
855 549 958 643 oiim

96 674 218 751 gressio
243 673 339 734 libera
365 675 440 752 legis
460 675 491 733 in
507 676 701 734 conscientia
717 674 795 734 obli·
831 676 949 726 [Ναθῶ.

98 755 201 832 gantis
218 754 422 830 :-ideoque
455 757 494 813 ad
523 755 599 814 illud
627 755 794 832 requiritur,

99 847 211 911 praeter
230 835 378 894 malitiam
402 835 586 912 objectivam
611 847 705 909 actus,
732 847 795 894 tum

99 915 294 973 advertentia
308 915 419 974 mentis
442 918 481 974 ad
503 916 586 974 illam
603 916 750 974 malitiam
766 927 796 974 et

100 995 228 1070 quidem
245 995 372 1054 actualis
395 999 501 1054 saltem
518 997 548 1054 in
572 999 714 1070 confuso,
731 1007 795 1054 tum

100 1075 269 1134 voluntatis
282 1095 463 1136 consensus
497 1119 499 1122 -

142 1195 185 1264 76.
202 1191 330 1248 Mortale
345 1191 456 1258 dicitur
470 1203 631 1268 peccatum
645 1192 720 1250 illud
732 1211 794 1266 quo
813 1193 843 1238 ll.
867 1191 964 1240 Gravi-

96 1283 239 1328 creatura
264 1271 431 1330 virtualiter
451 1275 560 1330 saltem
585 1285 614 1330 et
640 1273 797 1330 moraliter
864 1270 910 1312 “²³-

100 1351 199 1427 magis
215 1367 333 1409 amatur
356 1372 447 1428 quarn
473 1355 554 1412 Deus
575 1353 642 1410 finis
659 1352 796 1424 ultimus;

102 1451 196 1506 -per
211 1433 389 1508 hujusmodi
404 1432 495 1508 igitur
515 1445 676 1508 peccatum
698 1435 795 1492 homo

98 1511 238 1570 divinam
254 1511 421 1570 amicitiam
438 1511 530 1572 solvit
556 1524 645 1588 atque
662 1526 793 1572 mortem

101 1592 193 1650 insert
215 1591 326 1650 animae
343 1612 493 1662 snae-ac
515 1593 646 1669 proinde
667 1593 797 1669 graviter

98 1672 188 1810 ilidii
203 1673 383 1730 charitatem
404 1684 467 1730 tum
490 1676 556 1732 [leo
574 1684 636 1730 tum
662 1673 719 1731 sibi
746 1675 796 1731 de·

122 1772 131 1810 1
148 1773 207 1810 am.

143 1897 184 1950 77.
210 1878 257 1934 Ad
275 1879 404 1936 mortale
419 1887 521 1935 autem
544 1877 796 1936 constituendum

101 1957 266 2032 requiritur
290 1978 310 2015 1.
327 1957 453 2016 materia
478 1957 576 2033 gravis
602 1957 633 2014 in
655 1977 686 2014 sc
703 1960 748 2014 vel
764 1958 795 2014 in

99 2037 350 2110 circumstantiis,
377 2058 400 2096 2.
426 2037 615 2111 advertentia
639 2040 730 2113 plena
757 2039 796 2095 ad

100 2117 251 2176 malitiam
268 2119 429 2176 mortalem
455 2129 549 2188 actus,
572 2130 601 2175 et
622 2138 648 2191 3.
665 2136 796 2176 consen·

102 2217 153 2256 sus
182 2201 291 2274 plenus
318 2198 484 2256 voluntatis
513 2198 544 2255 in
573 2197 796 2274 praevaricatio-

100 2297 173 2336 nem
187 2296 325 2370 :-secus
340 2289 501 2354 peccatum
517 2277 572 2336 erit
587 2280 705 2336 veniale.

142 2411 186 2478 781
212 2404 342 2460 Peccata
357 2412 426 2460 sunt
441 2401 583 2460 mortalia
608 2421 646 2460 cx
662 2413 729 2460 toto
746 2421 796 2478 ge·

99 2503 175 2541 nere
192 2501 259 2554 suo,
281 2483 406 2558 quando
423 2501 517 2558 genus
539 2481 615 2538 illud
641 2481 796 2557 parvitatis

169 2563 239 2620 eriae
262 2561 395 2638 incapax
418 2563 662 2634 est;—-m0rtalia
684 2581 723 2620 ex
747 2581 796 2639 ge·

164 2661 248 2702 rsuo
265 2643 319 2700 sed
344 2661 409 2700 non
435 2653 511 2710 toto,
529 2643 654 2716 quando
670 2643 797 2700 materia

160 2723 213 2782 'llo
236 2742 346 2799 genere
369 2722 468 2798 gravis
497 2721 561 2779 dari
587 2734 697 2796 potest,
725 2722 797 2780 licet

168 2824 195 2860 n
212 2802 287 2862 levis
300 2803 452 2861 interdum
466 2802 797 2876 habeatur;-venialia
