<?xml version="1.0" encoding="UTF-8"?>
<!DOCTYPE html PUBLIC "-//W3C//DTD XHTML 1.0 Transitional//EN"
    "http://www.w3.org/TR/xhtml1/DTD/xhtml1-transitional.dtd">
<html xmlns="http://www.w3.org/1999/xhtml" xml:lang="en" lang="en">
 <head>
  <title>
</title>
<meta http-equiv="Content-Type" content="text/html;charset=utf-8" />
  <meta name='ocr-system' content='tesseract 3.04.00' />
  <meta name='ocr-capabilities' content='ocr_page ocr_carea ocr_par ocr_line ocrx_word'/>
</head>
<body>
  <div class='ocr_page' id='page_1' title='image "assertamoralia00mathgoog_0020.png"; bbox 0 0 2172 3174; ppageno 0'>
   <div class='ocr_carea' id='block_1_1' title="bbox 287 191 854 239">
    <p class='ocr_par' dir='ltr' id='par_1_1' title="bbox 287 191 854 239">
     <span class='ocr_line' id='line_1_1' title="bbox 287 191 854 239; baseline -0.004 0"><span class='ocrx_word' id='word_1_1' title='bbox 287 191 303 239; x_wconf 86' lang='lat'>8</span> <span class='ocrx_word' id='word_1_2' title='bbox 418 203 729 238; x_wconf 65' lang='lat' dir='ltr'>inunctionem—nurus</span> <span class='ocrx_word' id='word_1_3' title='bbox 748 199 854 237; x_wconf 74' lang='lat' dir='ltr'>nunniti.</span> 
     </span>
    </p>
   </div>
   <div class='ocr_carea' id='block_1_2' title="bbox 202 321 980 403">
    <p class='ocr_par' dir='ltr' id='par_1_2' title="bbox 202 321 980 403">
     <span class='ocr_line' id='line_1_2' title="bbox 202 321 980 403; baseline -0.003 -15"><span class='ocrx_word' id='word_1_4' title='bbox 202 321 204 326; x_wconf 44' lang='lat'><strong>¹</strong></span> <span class='ocrx_word' id='word_1_5' title='bbox 288 329 513 390; x_wconf 85' lang='lat' dir='ltr'>admittendum</span> <span class='ocrx_word' id='word_1_6' title='bbox 531 341 577 402; x_wconf 80' lang='lat' dir='ltr'>est</span> <span class='ocrx_word' id='word_1_7' title='bbox 596 328 671 403; x_wconf 87' lang='lat' dir='ltr'>dari</span> <span class='ocrx_word' id='word_1_8' title='bbox 686 340 772 386; x_wconf 83' lang='lat' dir='ltr'>actus</span> <span class='ocrx_word' id='word_1_9' title='bbox 789 329 980 388; x_wconf 85' lang='lat' dir='ltr'>deliberatos</span> 
     </span>
    </p>
   </div>
   <div class='ocr_carea' id='block_1_3' title="bbox 124 672 264 722">
    <p class='ocr_par' dir='ltr' id='par_1_3' title="bbox 124 672 264 722">
     <span class='ocr_line' id='line_1_3' title="bbox 124 672 264 722; baseline 0.014 -2"><span class='ocrx_word' id='word_1_10' title='bbox 124 675 158 722; x_wconf 85' lang='lat' dir='ltr'>II.</span> <span class='ocrx_word' id='word_1_11' title='bbox 168 672 264 722; x_wconf 78' lang='lat' dir='ltr'><em>Fontes.</em></span> 
     </span>
    </p>
   </div>
   <div class='ocr_carea' id='block_1_4' title="bbox 288 409 978 470">
    <p class='ocr_par' dir='ltr' id='par_1_4' title="bbox 288 409 978 470">
     <span class='ocr_line' id='line_1_4' title="bbox 288 409 978 470; baseline -0.004 -1"><span class='ocrx_word' id='word_1_12' title='bbox 288 410 498 470; x_wconf 72' lang='lat' dir='ltr'><strong>indifferentes</strong></span> <span class='ocrx_word' id='word_1_13' title='bbox 514 429 566 467; x_wconf 90' lang='lat' dir='ltr'>seu</span> <span class='ocrx_word' id='word_1_14' title='bbox 580 409 751 468; x_wconf 80' lang='lat' dir='ltr'>moralitate</span> <span class='ocrx_word' id='word_1_15' title='bbox 765 417 903 467; x_wconf 77' lang='lat' dir='ltr'>carentes</span> <span class='ocrx_word' id='word_1_16' title='bbox 916 421 978 466; x_wconf 90' lang='lat' dir='ltr'>tum</span> 
     </span>
    </p>
   </div>
   <div class='ocr_carea' id='block_1_5' title="bbox 286 489 980 567">
    <p class='ocr_par' dir='ltr' id='par_1_5' title="bbox 286 489 980 567">
     <span class='ocr_line' id='line_1_5' title="bbox 286 489 980 567; baseline -0.004 -17"><span class='ocrx_word' id='word_1_17' title='bbox 286 493 318 550; x_wconf 93' lang='lat' dir='ltr'>in</span> <span class='ocrx_word' id='word_1_18' title='bbox 340 491 473 567; x_wconf 78' lang='lat' dir='ltr'>specie,</span> <span class='ocrx_word' id='word_1_19' title='bbox 501 501 564 548; x_wconf 90' lang='lat' dir='ltr'>tum</span> <span class='ocrx_word' id='word_1_20' title='bbox 596 489 797 565; x_wconf 79' lang='lat' dir='ltr'>probabiliter</span> <span class='ocrx_word' id='word_1_21' title='bbox 825 489 916 546; x_wconf 79' lang='lat' dir='ltr'>etiam</span> <span class='ocrx_word' id='word_1_22' title='bbox 947 489 980 548; x_wconf 87' lang='lat' dir='ltr'>in-</span> 
     </span>
    </p>
   </div>
   <div class='ocr_carea' id='block_1_6' title="bbox 289 571 462 630">
    <p class='ocr_par' dir='ltr' id='par_1_6' title="bbox 289 571 462 630">
     <span class='ocr_line' id='line_1_6' title="bbox 289 571 462 630; baseline -0.012 0"><span class='ocrx_word' id='word_1_23' title='bbox 289 571 462 630; x_wconf 88' lang='lat' dir='ltr'>individuo.</span> 
     </span>
    </p>
   </div>
   <div class='ocr_carea' id='block_1_7' title="bbox 289 667 1005 1546">
    <p class='ocr_par' dir='ltr' id='par_1_7' title="bbox 289 667 1005 1467">
     <span class='ocr_line' id='line_1_7' title="bbox 329 667 982 744; baseline -0.002 -18"><span class='ocrx_word' id='word_1_24' title='bbox 329 687 365 744; x_wconf 84' lang='lat'>17.</span> <span class='ocrx_word' id='word_1_25' title='bbox 383 669 475 726; x_wconf 85' lang='lat' dir='ltr'>Actio</span> <span class='ocrx_word' id='word_1_26' title='bbox 488 669 621 726; x_wconf 84' lang='lat' dir='ltr'>humana</span> <span class='ocrx_word' id='word_1_27' title='bbox 634 667 783 730; x_wconf 85' lang='lat' dir='ltr'>rationem</span> <span class='ocrx_word' id='word_1_28' title='bbox 796 667 982 726; x_wconf 82' lang='lat' dir='ltr'>moralitatis·</span> 
     </span>
     <span class='ocr_line' id='line_1_8' title="bbox 290 733 979 838; baseline -0.003 -30"><span class='ocrx_word' id='word_1_29' title='bbox 290 751 449 808; x_wconf 80' lang='lat' dir='ltr'>desumere</span> <span class='ocrx_word' id='word_1_30' title='bbox 474 760 577 838; x_wconf 89' lang='lat' dir='ltr'>potest</span> <span class='ocrx_word' id='word_1_31' title='bbox 601 733 701 838; x_wconf 79' lang='lat' dir='ltr'>primo</span> <span class='ocrx_word' id='word_1_32' title='bbox 727 746 851 821; x_wconf 86' lang='lat' dir='ltr'>quidem</span> <span class='ocrx_word' id='word_1_33' title='bbox 872 767 979 806; x_wconf 90' lang='lat' dir='ltr'>secun·</span> 
     </span>
     <span class='ocr_line' id='line_1_9' title="bbox 289 828 981 904; baseline -0.001 -17"><span class='ocrx_word' id='word_1_34' title='bbox 289 831 361 887; x_wconf 88' lang='lat' dir='ltr'>dum</span> <span class='ocrx_word' id='word_1_35' title='bbox 379 829 531 904; x_wconf 76' lang='lat' dir='ltr'>propriam</span> <span class='ocrx_word' id='word_1_36' title='bbox 548 828 681 904; x_wconf 87' lang='lat' dir='ltr'>speciem</span> <span class='ocrx_word' id='word_1_37' title='bbox 695 847 732 885; x_wconf 84' lang='lat' dir='ltr'>ex</span> <span class='ocrx_word' id='word_1_38' title='bbox 746 829 880 904; x_wconf 86' lang='lat' dir='ltr'>objecto</span> <span class='ocrx_word' id='word_1_39' title='bbox 894 829 981 902; x_wconf 87' lang='lat' dir='ltr'>quod</span> 
     </span>
     <span class='ocr_line' id='line_1_10' title="bbox 289 907 978 984; baseline -0.003 -16"><span class='ocrx_word' id='word_1_40' title='bbox 289 921 334 968; x_wconf 88' lang='lat' dir='ltr'>est</span> <span class='ocrx_word' id='word_1_41' title='bbox 324 909 430 967; x_wconf 81' lang='lat' dir='ltr'>ttinis</span> <span class='ocrx_word' id='word_1_42' title='bbox 460 908 574 984; x_wconf 88' lang='lat' dir='ltr'>operis</span> <span class='ocrx_word' id='word_1_43' title='bbox 569 908 756 966; x_wconf 78' lang='lat' dir='ltr'>-secundo</span> <span class='ocrx_word' id='word_1_44' title='bbox 786 927 825 966; x_wconf 85' lang='lat' dir='ltr'>ex</span> <span class='ocrx_word' id='word_1_45' title='bbox 850 907 978 966; x_wconf 91' lang='lat' dir='ltr'>circum·</span> 
     </span>
     <span class='ocr_line' id='line_1_11' title="bbox 289 988 978 1063; baseline -0.001 -16"><span class='ocrx_word' id='word_1_46' title='bbox 289 989 400 1048; x_wconf 82' lang='lat' dir='ltr'>stantia</span> <span class='ocrx_word' id='word_1_47' title='bbox 427 989 534 1063; x_wconf 85' lang='lat' dir='ltr'>aliqua,</span> <span class='ocrx_word' id='word_1_48' title='bbox 559 1007 635 1063; x_wconf 87' lang='lat' dir='ltr'>quae</span> <span class='ocrx_word' id='word_1_49' title='bbox 652 989 675 1045; x_wconf 90' lang='lat' dir='ltr'>si</span> <span class='ocrx_word' id='word_1_50' title='bbox 696 988 842 1063; x_wconf 82' lang='lat' dir='ltr'>importet</span> <span class='ocrx_word' id='word_1_51' title='bbox 857 990 918 1046; x_wconf 79' lang='lat' dir='ltr'>reia</span> <span class='ocrx_word' id='word_1_52' title='bbox 921 988 978 1046; x_wconf 93' lang='lat' dir='ltr'>tio·</span> 
     </span>
     <span class='ocr_line' id='line_1_12' title="bbox 289 1068 979 1144; baseline -0.001 -17"><span class='ocrx_word' id='word_1_53' title='bbox 289 1089 359 1128; x_wconf 89' lang='lat' dir='ltr'>nem</span> <span class='ocrx_word' id='word_1_54' title='bbox 380 1069 482 1144; x_wconf 88' lang='lat' dir='ltr'>specie</span> <span class='ocrx_word' id='word_1_55' title='bbox 506 1069 656 1126; x_wconf 82' lang='lat' dir='ltr'>diversam</span> <span class='ocrx_word' id='word_1_56' title='bbox 678 1068 904 1126; x_wconf 78' lang='lat' dir='ltr'>conformitatis</span> <span class='ocrx_word' id='word_1_57' title='bbox 931 1069 979 1126; x_wconf 89' lang='lat' dir='ltr'>vel</span> 
     </span>
     <span class='ocr_line' id='line_1_13' title="bbox 290 1150 979 1239; baseline -0.003 -31"><span class='ocrx_word' id='word_1_58' title='bbox 290 1150 504 1224; x_wconf 76' lang='lat' dir='ltr'>discrepantiae</span> <span class='ocrx_word' id='word_1_59' title='bbox 519 1150 557 1207; x_wconf 83' lang='lat' dir='ltr'>ad</span> <span class='ocrx_word' id='word_1_60' title='bbox 564 1151 704 1239; x_wconf 74' lang='lat' dir='ltr'>regulam</span> <span class='ocrx_word' id='word_1_61' title='bbox 721 1167 851 1217; x_wconf 84' lang='lat' dir='ltr'>morum</span> <span class='ocrx_word' id='word_1_62' title='bbox 864 1169 979 1206; x_wconf 88' lang='lat' dir='ltr'>novam</span> 
     </span>
     <span class='ocr_line' id='line_1_14' title="bbox 290 1229 1005 1306; baseline -0.004 -18"><span class='ocrx_word' id='word_1_63' title='bbox 290 1229 466 1306; x_wconf 81' lang='lat' dir='ltr'>superaddit</span> <span class='ocrx_word' id='word_1_64' title='bbox 487 1229 621 1305; x_wconf 87' lang='lat' dir='ltr'>speciem</span> <span class='ocrx_word' id='word_1_65' title='bbox 640 1229 850 1298; x_wconf 76' lang='lat' dir='ltr'>moralitatis;-</span> <span class='ocrx_word' id='word_1_66' title='bbox 852 1240 909 1286; x_wconf 89' lang='lat' dir='ltr'>-et</span> <span class='ocrx_word' id='word_1_67' title='bbox 924 1241 980 1286; x_wconf 90' lang='lat' dir='ltr'>ter·</span> <span class='ocrx_word' id='word_1_68' title='bbox 1003 1259 1005 1269; x_wconf 82' lang='lat'><em>=</em></span> 
     </span>
     <span class='ocr_line' id='line_1_15' title="bbox 291 1307 983 1385; baseline -0.003 -17"><span class='ocrx_word' id='word_1_69' title='bbox 291 1311 335 1369; x_wconf 92' lang='lat' dir='ltr'>tio</span> <span class='ocrx_word' id='word_1_70' title='bbox 351 1329 389 1368; x_wconf 83' lang='lat' dir='ltr'>ex</span> <span class='ocrx_word' id='word_1_71' title='bbox 406 1312 464 1367; x_wconf 86' lang='lat' dir='ltr'>tine</span> <span class='ocrx_word' id='word_1_72' title='bbox 481 1309 636 1385; x_wconf 83' lang='lat' dir='ltr'>operantis</span> <span class='ocrx_word' id='word_1_73' title='bbox 657 1328 695 1366; x_wconf 84' lang='lat' dir='ltr'>ex</span> <span class='ocrx_word' id='word_1_74' title='bbox 711 1327 773 1384; x_wconf 89' lang='lat' dir='ltr'>quo</span> <span class='ocrx_word' id='word_1_75' title='bbox 798 1307 983 1366; x_wconf 77' lang='lat' dir='ltr'>moralitatis</span> 
     </span>
     <span class='ocr_line' id='line_1_16' title="bbox 290 1391 699 1467; baseline -0.01 -17"><span class='ocrx_word' id='word_1_76' title='bbox 290 1391 407 1467; x_wconf 90' lang='lat' dir='ltr'>species</span> <span class='ocrx_word' id='word_1_77' title='bbox 423 1409 542 1465; x_wconf 87' lang='lat' dir='ltr'>semper</span> <span class='ocrx_word' id='word_1_78' title='bbox 555 1391 699 1446; x_wconf 80' lang='lat' dir='ltr'>habetur:</span> 
     </span>
    </p>

    <p class='ocr_par' dir='ltr' id='par_1_8' title="bbox 329 1469 978 1546">
     <span class='ocr_line' id='line_1_17' title="bbox 329 1469 978 1546; baseline -0.005 -18"><span class='ocrx_word' id='word_1_79' title='bbox 329 1473 394 1546; x_wconf 83' lang='lat' dir='ltr'>Jam</span> <span class='ocrx_word' id='word_1_80' title='bbox 417 1489 489 1528; x_wconf 85' lang='lat' dir='ltr'>vero</span> <span class='ocrx_word' id='word_1_81' title='bbox 519 1473 615 1527; x_wconf 85' lang='lat' dir='ltr'>totam</span> <span class='ocrx_word' id='word_1_82' title='bbox 648 1469 781 1526; x_wconf 84' lang='lat' dir='ltr'>actionis</span> <span class='ocrx_word' id='word_1_83' title='bbox 808 1469 978 1527; x_wconf 79' lang='lat' dir='ltr'>bonitatem</span> 
     </span>
    </p>
   </div>
   <div class='ocr_carea' id='block_1_8' title="bbox 266 1548 985 1624">
    <p class='ocr_par' dir='ltr' id='par_1_9' title="bbox 266 1548 985 1624">
     <span class='ocr_line' id='line_1_18' title="bbox 266 1548 985 1624; baseline -0.003 -16"><span class='ocrx_word' id='word_1_84' title='bbox 266 1569 328 1623; x_wconf 67' lang='lat' dir='ltr'>⁸en</span> <span class='ocrx_word' id='word_1_85' title='bbox 361 1551 486 1624; x_wconf 89' lang='lat' dir='ltr'>objecto</span> <span class='ocrx_word' id='word_1_86' title='bbox 520 1565 618 1608; x_wconf 85' lang='lat' dir='ltr'>ortam</span> <span class='ocrx_word' id='word_1_87' title='bbox 649 1548 729 1607; x_wconf 81' lang='lat' dir='ltr'>toltit</span> <span class='ocrx_word' id='word_1_88' title='bbox 758 1549 825 1606; x_wconf 88' lang='lat' dir='ltr'>finis</span> <span class='ocrx_word' id='word_1_89' title='bbox 851 1549 985 1624; x_wconf 82' lang='lat' dir='ltr'>graviter</span> 
     </span>
    </p>
   </div>
   <div class='ocr_carea' id='block_1_9' title="bbox 290 1629 1020 1848">
    <p class='ocr_par' dir='ltr' id='par_1_10' title="bbox 290 1629 1020 1848">
     <span class='ocr_line' id='line_1_19' title="bbox 290 1629 979 1700; baseline -0.003 -13"><span class='ocrx_word' id='word_1_90' title='bbox 290 1633 502 1698; x_wconf 68' lang='lat' dir='ltr'>maius—non</span> <span class='ocrx_word' id='word_1_91' title='bbox 532 1641 632 1698; x_wconf 81' lang='lat' dir='ltr'>autem</span> <span class='ocrx_word' id='word_1_92' title='bbox 660 1629 728 1686; x_wconf 88' lang='lat' dir='ltr'>finis</span> <span class='ocrx_word' id='word_1_93' title='bbox 748 1631 845 1700; x_wconf 81' lang='lat' dir='ltr'>malus</span> <span class='ocrx_word' id='word_1_94' title='bbox 867 1629 979 1700; x_wconf 88' lang='lat' dir='ltr'>leviter,</span> 
     </span>
     <span class='ocr_line' id='line_1_20' title="bbox 290 1709 1020 1784; baseline -0.003 -16"><span class='ocrx_word' id='word_1_95' title='bbox 290 1710 348 1768; x_wconf 88' lang='lat' dir='ltr'>nisi</span> <span class='ocrx_word' id='word_1_96' title='bbox 365 1711 468 1768; x_wconf 86' lang='lat' dir='ltr'>totalis</span> <span class='ocrx_word' id='word_1_97' title='bbox 484 1710 522 1767; x_wconf 89' lang='lat' dir='ltr'>sit</span> <span class='ocrx_word' id='word_1_98' title='bbox 538 1711 584 1766; x_wconf 82' lang='lat' dir='ltr'>vel</span> <span class='ocrx_word' id='word_1_99' title='bbox 607 1711 644 1766; x_wconf 86' lang='lat' dir='ltr'>ita</span> <span class='ocrx_word' id='word_1_100' title='bbox 671 1709 829 1784; x_wconf 86' lang='lat' dir='ltr'>primarius</span> <span class='ocrx_word' id='word_1_101' title='bbox 852 1723 883 1767; x_wconf 89' lang='lat' dir='ltr'>ut</span> <span class='ocrx_word' id='word_1_102' title='bbox 904 1711 979 1767; x_wconf 84' lang='lat' dir='ltr'>fines</span> <span class='ocrx_word' id='word_1_103' title='bbox 1016 1775 1020 1782; x_wconf 29' lang='lat'><strong><em>¹</em></strong></span> 
     </span>
     <span class='ocr_line' id='line_1_21' title="bbox 291 1789 749 1848; baseline -0.004 0"><span class='ocrx_word' id='word_1_104' title='bbox 291 1791 391 1848; x_wconf 85' lang='lat' dir='ltr'>eaeteri</span> <span class='ocrx_word' id='word_1_105' title='bbox 408 1791 543 1847; x_wconf 72' lang='lat' dir='ltr'>ad&#39;illum</span> <span class='ocrx_word' id='word_1_106' title='bbox 560 1789 749 1848; x_wconf 86' lang='lat' dir='ltr'>ordinentur.</span> 
     </span>
    </p>
   </div>
   <div class='ocr_carea' id='block_1_10' title="bbox 290 1903 981 2060">
    <p class='ocr_par' dir='ltr' id='par_1_11' title="bbox 290 1903 981 2060">
     <span class='ocr_line' id='line_1_22' title="bbox 330 1903 981 1975; baseline -0.005 -10"><span class='ocrx_word' id='word_1_107' title='bbox 330 1909 371 1965; x_wconf 88' lang='lat'>18.</span> <span class='ocrx_word' id='word_1_108' title='bbox 397 1908 492 1962; x_wconf 87' lang='lat' dir='ltr'>Actus</span> <span class='ocrx_word' id='word_1_109' title='bbox 507 1914 658 1975; x_wconf 81' lang='lat' dir='ltr'>externus,</span> <span class='ocrx_word' id='word_1_110' title='bbox 674 1903 698 1961; x_wconf 91' lang='lat' dir='ltr'>si</span> <span class='ocrx_word' id='word_1_111' title='bbox 717 1903 930 1962; x_wconf 84' lang='lat' dir='ltr'>consideretur</span> <span class='ocrx_word' id='word_1_112' title='bbox 949 1916 981 1962; x_wconf 91' lang='lat' dir='ltr'>ut</span> 
     </span>
     <span class='ocr_line' id='line_1_23' title="bbox 290 1985 981 2060; baseline 0 -16"><span class='ocrx_word' id='word_1_113' title='bbox 290 1985 456 2046; x_wconf 82' lang='lat' dir='ltr'>voluntatis</span> <span class='ocrx_word' id='word_1_114' title='bbox 473 1987 614 2058; x_wconf 78' lang='lat' dir='ltr'>objectum,</span> <span class='ocrx_word' id='word_1_115' title='bbox 631 1985 711 2042; x_wconf 83' lang='lat' dir='ltr'>actui</span> <span class='ocrx_word' id='word_1_116' title='bbox 727 1985 849 2044; x_wconf 89' lang='lat' dir='ltr'>interno</span> <span class='ocrx_word' id='word_1_117' title='bbox 866 1985 981 2060; x_wconf 86' lang='lat' dir='ltr'>praebet</span> 
     </span>
    </p>
   </div>
   <div class='ocr_carea' id='block_1_11' title="bbox 222 2064 815 2143">
    <p class='ocr_par' dir='ltr' id='par_1_12' title="bbox 222 2064 815 2143">
     <span class='ocr_line' id='line_1_24' title="bbox 222 2064 815 2143; baseline -0.005 -18"><span class='ocrx_word' id='word_1_118' title='bbox 222 2121 224 2133; x_wconf 72' lang='grc'><em>,</em></span> <span class='ocrx_word' id='word_1_119' title='bbox 291 2066 445 2143; x_wconf 85' lang='lat' dir='ltr'>propriam</span> <span class='ocrx_word' id='word_1_120' title='bbox 470 2064 651 2123; x_wconf 80' lang='lat' dir='ltr'>moralitatis</span> <span class='ocrx_word' id='word_1_121' title='bbox 667 2065 815 2139; x_wconf 90' lang='lat' dir='ltr'>speeiem;</span> 
     </span>
    </p>
   </div>
   <div class='ocr_carea' id='block_1_12' title="bbox 330 2145 985 2204">
    <p class='ocr_par' dir='ltr' id='par_1_13' title="bbox 330 2145 985 2204">
     <span class='ocr_line' id='line_1_25' title="bbox 330 2145 985 2204; baseline -0.003 0"><span class='ocrx_word' id='word_1_122' title='bbox 330 2147 359 2204; x_wconf 90' lang='lat' dir='ltr'>Si</span> <span class='ocrx_word' id='word_1_123' title='bbox 384 2165 456 2203; x_wconf 82' lang='lat' dir='ltr'>vero</span> <span class='ocrx_word' id='word_1_124' title='bbox 473 2145 628 2202; x_wconf 80' lang='lat' dir='ltr'>adactum</span> <span class='ocrx_word' id='word_1_125' title='bbox 645 2145 811 2203; x_wconf 70' lang='lat' dir='ltr'>uoluntatis</span> <span class='ocrx_word' id='word_1_126' title='bbox 827 2146 985 2202; x_wconf 89' lang='lat' dir='ltr'>internum</span> 
     </span>
    </p>
   </div>
   <div class='ocr_carea' id='block_1_13' title="bbox 285 2225 980 2301">
    <p class='ocr_par' dir='ltr' id='par_1_14' title="bbox 285 2225 980 2301">
     <span class='ocr_line' id='line_1_26' title="bbox 285 2225 980 2301; baseline -0.004 -16"><span class='ocrx_word' id='word_1_127' title='bbox 285 2238 485 2301; x_wconf 31' lang='lat' dir='ltr'>,comparetur</span> <span class='ocrx_word' id='word_1_128' title='bbox 507 2236 649 2300; x_wconf 79' lang='lat' dir='ltr'>tunquam</span> <span class='ocrx_word' id='word_1_129' title='bbox 673 2225 766 2300; x_wconf 86' lang='lat' dir='ltr'>ipsius</span> <span class='ocrx_word' id='word_1_130' title='bbox 788 2226 913 2298; x_wconf 63' lang='lat' dir='ltr'>fffeclus</span> <span class='ocrx_word' id='word_1_131' title='bbox 927 2243 980 2282; x_wconf 90' lang='lat' dir='ltr'>seu</span> 
     </span>
    </p>
   </div>
   <div class='ocr_carea' id='block_1_14' title="bbox 290 2304 986 2621">
    <p class='ocr_par' dir='ltr' id='par_1_15' title="bbox 290 2304 986 2621">
     <span class='ocr_line' id='line_1_27' title="bbox 290 2304 980 2379; baseline -0.003 -15"><span class='ocrx_word' id='word_1_132' title='bbox 290 2310 422 2376; x_wconf 78' lang='lat' dir='ltr'>executio,</span> <span class='ocrx_word' id='word_1_133' title='bbox 439 2306 540 2362; x_wconf 84' lang='lat' dir='ltr'>dissert</span> <span class='ocrx_word' id='word_1_134' title='bbox 556 2305 680 2379; x_wconf 89' lang='lat' dir='ltr'>quidem</span> <span class='ocrx_word' id='word_1_135' title='bbox 703 2306 805 2378; x_wconf 82' lang='lat' dir='ltr'>quoad</span> <span class='ocrx_word' id='word_1_136' title='bbox 828 2304 980 2362; x_wconf 80' lang='lat' dir='ltr'>moralita-</span> 
     </span>
     <span class='ocr_line' id='line_1_28' title="bbox 291 2385 986 2460; baseline -0.003 -16"><span class='ocrx_word' id='word_1_137' title='bbox 291 2398 351 2445; x_wconf 88' lang='lat' dir='ltr'>tem</span> <span class='ocrx_word' id='word_1_138' title='bbox 368 2387 406 2444; x_wconf 86' lang='lat' dir='ltr'>ab</span> <span class='ocrx_word' id='word_1_139' title='bbox 422 2399 490 2443; x_wconf 81' lang='lat' dir='ltr'>actu</span> <span class='ocrx_word' id='word_1_140' title='bbox 503 2385 625 2443; x_wconf 88' lang='lat' dir='ltr'>interno</span> <span class='ocrx_word' id='word_1_141' title='bbox 638 2385 799 2456; x_wconf 78' lang='lat' dir='ltr'>inefficaci,</span> <span class='ocrx_word' id='word_1_142' title='bbox 813 2385 986 2460; x_wconf 75' lang='lat' dir='ltr'>essentiali·</span> 
     </span>
     <span class='ocr_line' id='line_1_29' title="bbox 290 2465 981 2540; baseline -0.003 -16"><span class='ocrx_word' id='word_1_143' title='bbox 290 2479 335 2524; x_wconf 88' lang='lat' dir='ltr'>ter</span> <span class='ocrx_word' id='word_1_144' title='bbox 350 2469 397 2524; x_wconf 87' lang='lat' dir='ltr'>vel</span> <span class='ocrx_word' id='word_1_145' title='bbox 412 2465 644 2524; x_wconf 84' lang='lat' dir='ltr'>accidentaliter</span> <span class='ocrx_word' id='word_1_146' title='bbox 663 2476 778 2522; x_wconf 86' lang='lat' dir='ltr'>tantum</span> <span class='ocrx_word' id='word_1_147' title='bbox 801 2477 890 2540; x_wconf 90' lang='lat' dir='ltr'>prout</span> <span class='ocrx_word' id='word_1_148' title='bbox 905 2465 981 2523; x_wconf 88' lang='lat' dir='ltr'>ines·</span> 
     </span>
     <span class='ocr_line' id='line_1_30' title="bbox 291 2544 967 2621; baseline -0.006 -16"><span class='ocrx_word' id='word_1_149' title='bbox 291 2547 399 2605; x_wconf 82' lang='lat' dir='ltr'>ficaeia</span> <span class='ocrx_word' id='word_1_150' title='bbox 410 2545 552 2621; x_wconf 90' lang='lat' dir='ltr'>provenit</span> <span class='ocrx_word' id='word_1_151' title='bbox 564 2564 601 2602; x_wconf 84' lang='lat' dir='ltr'>ex</span> <span class='ocrx_word' id='word_1_152' title='bbox 613 2544 679 2620; x_wconf 80' lang='lat' dir='ltr'>ipsu</span> <span class='ocrx_word' id='word_1_153' title='bbox 690 2545 807 2621; x_wconf 80' lang='lat' dir='ltr'>agentis</span> <span class='ocrx_word' id='word_1_154' title='bbox 822 2547 967 2604; x_wconf 76' lang='lat' dir='ltr'>voluntati</span> 
     </span>
    </p>
   </div>
   <div class='ocr_carea' id='block_1_15' title="bbox 290 2625 975 2861">
    <p class='ocr_par' dir='ltr' id='par_1_16' title="bbox 290 2625 975 2861">
     <span class='ocr_line' id='line_1_31' title="bbox 291 2625 967 2701; baseline -0.004 -17"><span class='ocrx_word' id='word_1_155' title='bbox 291 2629 337 2684; x_wconf 90' lang='lat' dir='ltr'>vel</span> <span class='ocrx_word' id='word_1_156' title='bbox 365 2646 403 2684; x_wconf 89' lang='lat' dir='ltr'>ex</span> <span class='ocrx_word' id='word_1_157' title='bbox 432 2628 494 2701; x_wconf 86' lang='lat' dir='ltr'>ejus</span> <span class='ocrx_word' id='word_1_158' title='bbox 519 2625 822 2701; x_wconf 58' lang='lat' dir='ltr'>impotentum—sed</span> <span class='ocrx_word' id='word_1_159' title='bbox 847 2627 885 2683; x_wconf 82' lang='lat' dir='ltr'>ab</span> <span class='ocrx_word' id='word_1_160' title='bbox 911 2637 967 2683; x_wconf 83' lang='lat' dir='ltr'>acu</span> 
     </span>
     <span class='ocr_line' id='line_1_32' title="bbox 290 2705 975 2780; baseline 0 -16"><span class='ocrx_word' id='word_1_161' title='bbox 290 2707 413 2765; x_wconf 89' lang='lat' dir='ltr'>interno</span> <span class='ocrx_word' id='word_1_162' title='bbox 436 2705 563 2776; x_wconf 83' lang='lat' dir='ltr'>efficaci,</span> <span class='ocrx_word' id='word_1_163' title='bbox 585 2706 635 2780; x_wconf 91' lang='lat' dir='ltr'>qui</span> <span class='ocrx_word' id='word_1_164' title='bbox 652 2707 690 2763; x_wconf 92' lang='lat' dir='ltr'>de</span> <span class='ocrx_word' id='word_1_165' title='bbox 706 2708 788 2764; x_wconf 85' lang='lat' dir='ltr'>facto</span> <span class='ocrx_word' id='word_1_166' title='bbox 810 2705 894 2764; x_wconf 86' lang='lat' dir='ltr'>illum</span> <span class='ocrx_word' id='word_1_167' title='bbox 910 2724 975 2780; x_wconf 91' lang='lat' dir='ltr'>pro-</span> 
     </span>
     <span class='ocr_line' id='line_1_33' title="bbox 291 2785 965 2861; baseline -0.007 -15"><span class='ocrx_word' id='word_1_168' title='bbox 291 2787 385 2860; x_wconf 83' lang='lat' dir='ltr'>ducit,</span> <span class='ocrx_word' id='word_1_169' title='bbox 417 2805 481 2845; x_wconf 89' lang='lat' dir='ltr'>non</span> <span class='ocrx_word' id='word_1_170' title='bbox 508 2787 610 2844; x_wconf 83' lang='lat' dir='ltr'>dissert</span> <span class='ocrx_word' id='word_1_171' title='bbox 635 2785 693 2844; x_wconf 91' lang='lat' dir='ltr'>nisi</span> <span class='ocrx_word' id='word_1_172' title='bbox 723 2797 880 2861; x_wconf 78' lang='lat' dir='ltr'>quatenus.</span> <span class='ocrx_word' id='word_1_173' title='bbox 896 2797 965 2844; x_wconf 86' lang='lat' dir='ltr'>actu</span> 
     </span>
    </p>
   </div>
   <div class='ocr_carea' id='block_1_16' title="bbox 0 0 1094 3174">
    <p class='ocr_par' dir='ltr' id='par_1_17' title="bbox 0 0 1094 3174">
     <span class='ocr_line' id='line_1_34' title="bbox 0 0 1094 3174; baseline 0 0"><span class='ocrx_word' id='word_1_174' title='bbox 0 0 1094 3174; x_wconf 95' lang='lat' dir='ltr'> </span> 
     </span>
    </p>
   </div>
  </div>
 </body>
</html>
