2172 3174
307 179 341 239 36
518 191 791 226 officim-vintoris

308 299 358 374 qui
384 299 477 357 fidem
500 299 687 376 sufficienter
708 300 900 376 propositam
919 299 1004 374 posi·
1078 375 1080 380 Ι

307 379 367 438 tive
381 379 575 454 respuit-et
587 381 654 438 haec
666 393 827 455 peccatum
840 379 1001 440 constituit

307 459 636 536 gravissimum-non
664 479 752 518 secus
778 481 814 518 ac
838 459 1003 518 infidelitas

300 541 462 616 privativa,
479 539 613 597 carentia
629 558 740 615 nempe
755 539 826 597 fidei
846 540 876 597 in
894 559 932 599 eo
951 539 1003 614 qui
1079 593 1080 598 ,

308 619 366 678 sibi
395 619 538 678 notitiam
569 620 774 692 revelationis,
811 621 882 678 data
911 639 1000 678 occa·
1079 691 1080 698 ἵ

308 699 405 782 sione,
434 718 612 774 comparare
643 699 835 776 culpabiliter
866 699 1003 776 negligit.
1078 775 1080 778 Ι

134 847 168 894 JI.
177 846 292 894 Heresis.
348 851 392 906 97.
417 831 552 890 Haeresis
579 851 660 889 mere
693 835 851 889 materialis
876 842 1004 890 vocatur
1078 831 1080 888 i

309 921 404 969 status
419 911 500 970 illius
517 911 568 986 qui
584 911 678 971 errori
694 913 829 971 adhaeret
845 912 1003 974 bonafide
1079 987 1080 990 Ἴ

308 992 423 1066 absque
448 991 703 1068 pertinacia‚--et
725 992 777 1050 illa
800 1003 888 1050 vacat
915 991 1002 1051 omni
1078 1001 1080 1054 ἶ

309 1074 413 1147 culpa3
450 1122 453 1127 .

348 1153 493 1208 Formalis
517 1162 619 1210 autern
642 1151 754 1210 dicitur
774 1171 859 1210 error
878 1153 955 1210 liber
974 1161 1004 1209 et

308 1231 448 1307 pertinax
469 1243 578 1291 contra
600 1231 733 1306 aliquam
754 1233 825 1290 fidei
845 1233 1003 1290 veritatem
1078 1263 1080 1314 3

309 1313 347 1370 ab
363 1311 504 1370 Ecclesia
520 1312 723 1388 propositam,
739 1311 769 1370 in
787 1331 825 1371 eo
842 1313 893 1387 qui
910 1313 1003 1369 fidem

309 1389 459 1468 recepit,''-·
477 1403 507 1450 et
519 1404 564 1450 est
579 1411 699 1468 semper
710 1392 921 1469 gravissimum
934 1411 1004 1468 pec·
1079 1397 1080 1430 ἓ

309 1473 541 1541 catum—sicut
553 1483 583 1530 et
595 1475 745 1548 apostasia,
760 1493 827 1548 quae
842 1483 885 1531 est
900 1471 1005 1531 totalis

309 1552 444 1610 desectio
460 1573 477 1610 a
493 1553 552 1610 fide
569 1552 743 1612 christiana.

516 1731 762 1813 *ll—Spes.

177 1854 256 1946 aciens
349 1893 397 1964 98.
417 1891 512 1946 Actus
528 1889 592 1963 spei
605 1901 650 1946 est
662 1888 712 1946 ille
727 1908 788 1963 quo
803 1898 1012 1964 expectamus.
1079 1937 1080 1944 ,

136 1968 289 2000 maneamus.
309 1979 392 2026 certa
412 1987 481 2025 cum
509 1968 621 2026 fiducia
641 1980 670 2026 et
693 1989 732 2026 ex
749 1969 853 2026 <lirina
873 1967 1006 2044 promis·
1078 1985 1080 2020 ἰ

157 2041 271 2091 LNatio.
309 2047 398 2107 sione
422 2053 567 2105 aeternam
588 2048 812 2107 beatitudinem
830 2059 920 2123 atque
946 2067 1007 2106 me·

310 2127 361 2186 dia
375 2129 414 2186 ad
430 2128 514 2186 illam
528 2130 791 2204 consequendam.

144 2247 285 2296 ILNecrs-
351 2265 398 2320 99.
438 2245 548 2302 Omnis
584 2245 705 2302 adultus
742 2244 852 2302 elicere
887 2253 1009 2301 tenetur

181 2319 250 2367 sitas.
299 2335 413 2387 ¹actum
442 2325 514 2400 spei·
540 2335 604 2382 tum
634 2324 816 2382 necessitate
850 2325 936 2380 medii
967 2324 1007 2394 ad

309 2404 677 2479 justificationem-tum
704 2405 794 2462 etiam
820 2403 1008 2462 necessitate
1075 2423 1080 2490 p

204 2554 224 2592 H
303 2487 448 2559 praecanti,
466 2485 551 2559 quod
566 2496 652 2561 urget
667 2485 779 2560 pluries
794 2484 824 2542 in
841 2485 911 2542 vita.

170 2607 261 2700 ffif
352 2638 415 2675 100.
441 2617 561 2676 Eodem
578 2617 642 2693 spei
657 2628 822 2693 praecepto
840 2636 946 2692 quant

139 2719 297 2766 tonsum-
312 2696 407 2754 tivum
430 2709 483 2768 est,
507 2699 687 2774 prohibetur
713 2718 750 2755 ne
778 2697 844 2772 quis
871 2717 950 2772 unqu

186 2789 247 2852 prio.
304 2786 466 2852 praestimat
478 2778 700 2836 beatitudinem
724 2777 845 2853 assequi
871 2779 950 2835 vela
